3068 5160
740 378 816 428 rere.
1363 382 1425 447 159

111 582 149 644 in
176 579 252 643 dem
275 579 603 662 eyuvndreysigisten,
627 581 685 646 des
706 580 940 648 Behemischen
963 583 996 649 in
1022 583 1095 649 dem
1121 585 1337 670 drcysigisteu
1360 588 1424 654 vnd

112 692 176 755 des
202 690 395 756 keisertums
418 693 452 756 in
475 692 548 758 dem
570 693 990 777 czweirndcnwenczigisten
1009 695 1112 778 jaren.

224 845 308 899 Liber
324 845 529 901 vetustissimus
548 852 711 901 statutorum
730 849 753 901 d.
771 853 822 902 993
842 856 890 903 atr.
909 853 942 902 74
960 863 977 900 r
994 848 1106 904 arcbiru
1125 867 1161 906 m.
1178 850 1277 922 Prahy.
1297 853 1358 909 Liat
1376 861 1423 909 ten

111 939 240 1009 potrrdil
257 942 331 996 cisni
349 939 480 1010 Sigmund
498 958 514 993 r
531 941 616 995 Praze
635 948 677 996 26.
696 957 782 1012 srpna
801 948 875 998 1436.

703 1166 767 1252 Cis.
791 1186 843 1252 97.

482 1357 586 1426 1376.
621 1358 678 1426 22.
701 1359 889 1443 prosince.
923 1359 1059 1429 l’ralra⁸

107 1528 281 1593 Krdlovna
295 1527 423 1592 Atroe'ca
446 1530 591 1613 poledae*
606 1554 621 1594 o
636 1532 750 1594 obotdm
771 1533 857 1617 atym
870 1534 1001 1597 enatem
1015 1531 1146 1597 Karon
1161 1531 1218 1596 IV.
1242 1533 1330 1598 davd
1342 1535 1416 1598 lcon-

108 1646 212 1710 icldm
243 1667 265 1706 a
294 1641 362 1706 obci
390 1641 531 1707 Mendibo
560 1646 656 1707 mc'atu
685 1642 860 1708 Pratolce'bo
890 1645 934 1708 20
963 1645 1024 1731 lcbp
1054 1646 1180 1709 rodaibo
1204 1645 1302 1730 platta
1321 1669 1339 1709 z
1359 1646 1417 1723 cla,

107 1759 202 1822 latere
226 1778 257 1819 ee
287 1778 332 1818 na
354 1753 444 1817 Malc‘
469 1758 580 1818 strand
604 1755 724 1840 cybird,
759 1778 803 1819 aa
832 1754 979 1821 dromoni
1006 1756 1070 1821 alic
1091 1779 1113 1820 a
1134 1780 1179 1822 aa
1210 1778 1332 1842 opravu
1360 1769 1420 1824 ccat

102 1869 192 1955 pr⁹cd
215 1867 363 1932 branam
383 1867 566 1952 me'atolcy'mi.
617 1865 746 1952 Vp‘bcrct
774 1867 824 1932 cla
853 1871 933 1954 maji
962 1867 1056 1934 abaco
1085 1878 1167 1933 tereto
1196 1872 1293 1935 rodae
1308 1869 1418 1934 dvdma

106 1986 282 2046 addenem
314 2003 331 2043 z
360 1980 443 2063 rady
473 2002 494 2041 a
524 1978 592 2044 obce
621 1980 777 2065 wolcoy'm
807 1980 963 2057 odvcdcci,
997 1982 1079 2045 laert
1108 1981 1176 2046 obcr'
1202 2004 1220 2046 z
1249 1984 1319 2048 tobo
1345 1985 1418 2068 pak

615 2166 626 2191 0
668 2099 757 2177 podet
778 2092 862 2159 alodi.

216 2269 256 2334 In
285 2267 413 2332 nomine
444 2272 553 2332 sancte
583 2266 748 2334 Trinitatis
778 2273 813 2333 et
840 2267 1007 2334 indiuiduo
1036 2269 1166 2335 irritatis
1200 2287 1304 2335 amen.
1347 2267 1415 2334 Nos

109 2380 282 2447 Elizabeth
313 2380 424 2444 diuina
453 2379 582 2446 fauente
613 2379 788 2446 clemencia
812 2379 1029 2446 Romanorum
1062 2381 1259 2463 imperatrix,
1289 2399 1416 2463 semper

104 2498 244 2575 augusta
265 2492 444 2558 etBoemie
467 2494 588 2575 regina,
613 2493 654 2558 ad
676 2493 830 2558 noticiam
852 2494 1041 2560 deducimus
1058 2494 1228 2575 uniuersis,
1252 2494 1337 2579 quod
1354 2512 1415 2560 nos

104 2606 146 2670 ad
160 2605 367 2687 peticionem,
392 2605 653 2694 informacionem
677 2611 710 2670 et
731 2604 871 2689 speciale
893 2607 1079 2672 mandatum
1100 2607 1301 2673 serenissimi
1322 2607 1409 2690 prin-

106 2719 182 2800 cipis
207 2724 241 2783 et
264 2718 384 2783 domini
406 2718 518 2796 nostri,
541 2717 662 2783 domini
679 2718 792 2783 Karoli
807 2719 1023 2784 Romanorum
1042 2719 1256 2802 imperatoris,
1280 2737 1410 2802 semper

114 2832 238 2912 angusti
262 2836 295 2895 et
315 2830 447 2894 Boemie
470 2830 565 2911 regis,
596 2830 753 2895 consortis
775 2831 878 2896 nostri
901 2832 1068 2912 carissimi,
1099 2833 1215 2915 uiginti
1238 2850 1413 2916 sexagenas

117 2961 298 3023 grossorum
332 2943 542 3023 Pragensium
575 2942 780 3007 denariorum
810 2943 946 3024 singulis
982 2943 1075 3008 annis
1111 2946 1310 3027 temporibus
1342 2963 1414 3027 per·

118 3058 215 3135 petuis
240 3056 279 3121 de
302 3055 452 3120 theloneo
475 3060 595 3134 nostro,
619 3054 704 3137 quod
727 3055 882 3120 habemus
905 3056 938 3120 in
953 3055 1072 3120 Minori
1095 3057 1225 3122 ciuitate
1247 3058 1411 3140 Pragensi,

120 3186 167 3246 pro
190 3169 469 3250 pauimentacione
492 3172 525 3232 et
547 3165 777 3233 reformatione
806 3167 982 3250 pauimenti
1013 3169 1047 3232 in
1079 3167 1166 3234 dicta
1187 3167 1306 3235 Minori
1333 3170 1412 3233 ciui-

122 3283 176 3346 tate
196 3282 352 3363 Pragensi
382 3285 415 3346 et
444 3285 672 3367 extramuros
702 3285 736 3345 et
764 3285 874 3362 portas
896 3279 981 3345 dicte
1012 3280 1164 3361 ciuitatis,
1195 3281 1250 3346 vbi
1279 3298 1412 3346 necesse

125 3399 162 3456 est
191 3395 412 3476 pauimentnre
442 3398 476 3457 et
503 3391 677 3457 reformare
710 3392 1005 3473 pauimentaciones
1034 3394 1161 3459 uiarum
1193 3397 1267 3459 ante
1299 3398 1410 3475 portas

126 3502 250 3571 ciuitatis
272 3506 465 3587 supradicte,
489 3505 683 3585 consulibus,
704 3505 820 3588 Juratis
842 3505 966 3589 totique
982 3505 1201 3572 communitati
1225 3523 1263 3569 ac
1284 3505 1411 3569 uniuer-

126 3614 195 3682 sitati
219 3618 361 3683 ciuitatis
385 3626 557 3683 memorate
579 3618 726 3683 dedimus
748 3623 782 3684 et
802 3618 915 3683 damus
943 3622 1038 3701 atque
1061 3618 1131 3684 dari
1152 3615 1354 3699 precepimus
1377 3621 1411 3681 et

125 3731 301 3812 precipimus
325 3749 382 3812 per
405 3731 562 3810 consules,
590 3731 716 3814 juratos
738 3735 772 3795 ot
793 3730 1052 3795 communitatem
1082 3728 1245 3812 sepedicta
1267 3727 1408 3793 ciuitatis

125 3839 244 3924 angulis
273 3844 365 3908 annis
395 3843 593 3925 temporibus
623 3844 798 3926 perpetuis,
833 3842 947 3908 diuisis
978 3844 1011 3908 in
1041 3843 1166 3909 duobus
1188 3840 1344 3921 terminis,
1376 3841 1410 3906 in

123 3947 186 4021 sesto
214 3975 240 4023 s.
264 3955 395 4037 Georgii
425 3974 509 4021 nunc
538 3956 682 4038 proxime
711 3956 845 4022 instanti
874 3956 985 4021 decem
1017 3971 1194 4036 sexagenas
1224 3970 1409 4035 grossorum

120 4072 145 4130 et
161 4070 193 4134 in
216 4068 299 4134 festo
322 4085 347 4133 a.
372 4067 458 4133 Galli
481 4068 630 4132 similiter
652 4068 762 4135 decem
785 4085 960 4151 sexagenas
984 4084 1170 4150 grossorum
1191 4064 1406 4148 predictorum

117 4197 130 4243 a
149 4181 373 4247 collectoribus
395 4179 539 4245 thelonei
561 4181 663 4245 nostri
684 4181 831 4263 predicti,
862 4181 918 4264 qui
940 4180 1059 4246 fuerint
1080 4196 1138 4261 pro
1161 4182 1315 4258 tempore,
1339 4176 1409 4243 sinc
1477 4178 1480 4183 '

112 4292 343 4360 intermissione
366 4298 400 4358 et
423 4293 537 4375 queuis
560 4292 625 4356 alia
648 4294 901 4360 contradiccione
924 4310 988 4357 non
1011 4289 1223 4370 obstantibus,
1248 4288 1408 4357 tollendas

106 4414 136 4472 et
162 4405 399 4490 percipiendae,
433 4410 465 4469 et
494 4405 664 4486 presertim
696 4423 754 4487 pro
785 4422 833 4483 eo,
868 4404 945 4487 quia
974 4401 1089 4487 prefati
1123 4403 1211 4468 ciues
1244 4400 1408 4468 dominum
1493 4456 1499 4469 .

100 4525 247 4587 nostrum
278 4518 503 4600 imperatorem
532 4516 692 4598 predicari
722 4534 840 4582 aenos
863 4516 980 4583 litteris
1010 4515 1195 4600 patentibus
1224 4513 1407 4599 principum
