3068 5160
642 352 715 399 1438.
1258 346 1321 409 235

100 579 116 622 s
138 558 274 622 Minoris
298 558 437 623 ciuitatis
461 563 567 621 nostre
590 558 770 637 Pragensis,
793 556 904 620 fideles
927 554 1029 619 nostri
1051 553 1170 630 dilecti,
1193 559 1323 634 propter

96 691 216 735 rrarum
240 671 426 735 discrimina
449 670 481 733 iu
505 688 603 749 regno
626 677 735 734 nostro
758 667 911 734 Bohemie
941 667 1102 748 preteritis
1125 665 1321 748 temporibus
1404 686 1412 700 ·

96 786 175 848 ¹uria
197 790 229 848 et
253 785 354 847 eciam
370 803 408 846 cx
431 784 573 848 eiusdem
597 783 736 846 ciuitatis
760 780 906 845 incendio
933 779 1114 862 percepisse
1137 784 1321 855 noscuntur,

96 898 171 960 satis
196 895 296 959 eciam
320 894 467 958 ficlelibns
491 894 652 976 obsequiis
676 893 834 958 maiestati
858 898 966 958 nostre
988 911 1046 973 per
1069 892 1155 973 ipsos
1179 890 1266 954 ciues
1290 895 1323 952 et

96 1010 151 1071 das
179 1008 331 1087 impensis
355 1013 387 1069 et
410 1008 616 1087 imposterum
647 1006 865 1087 impendendis
896 1005 983 1085 ipsos
1010 1003 1097 1068 ciues
1128 1007 1161 1067 et
1186 1003 1321 1067 ciuisscs

96 1141 200 1185 sorum
224 1120 398 1201 quemlibet
420 1121 526 1184 animo
550 1119 724 1183 deliberato
748 1117 842 1183 etde
865 1122 952 1181 certa
981 1121 1090 1181 nostra
1120 1115 1258 1180 sciencia
1281 1113 1321 1176 ab

96 1236 178 1299 ribus
202 1233 359 1306 censibus
383 1233 490 1296 bernis
513 1237 545 1295 et
567 1231 641 1294 aliis
670 1230 887 1294 solucionibus
916 1229 1108 1310 pecuniariis
1131 1234 1227 1310 utque
1250 1244 1320 1308 gra·

96 1347 221 1425 tinibus,
254 1364 332 1426 qnos
356 1351 388 1409 et
411 1363 489 1426 quas
513 1345 574 1425 ipsi
598 1342 689 1407 uobis
712 1343 753 1407 od
776 1360 932 1406 cameram
962 1345 1103 1404 nostrum
1126 1341 1253 1404 soluere
1273 1343 1321 1402 te·

96 1479 154 1536 zur,
178 1477 197 1520 a
220 1460 293 1521 deuo
316 1457 516 1539 presencium
540 1455 760 1537 computande,
791 1456 831 1519 cd
854 1455 964 1519 decem
994 1472 1094 1517 annos
1118 1454 1266 1519 continue
1289 1461 1323 1518 et

96 1572 200 1635 ediate
224 1590 258 1633 se
279 1576 447 1652 sequentes
471 1569 679 1650 quittauimus
703 1572 736 1631 et
757 1566 989 1644 libertauimus,
1013 1567 1187 1648 quittamus
1206 1573 1239 1632 ct
1259 1568 1322 1631 vir-

132 1684 333 1765 presencium
370 1681 459 1762 rogia
497 1680 685 1744 auctoritate
719 1678 872 1742 Bohemie
913 1681 1090 1759 graciosius
1125 1682 1322 1759 libertnums,

96 1803 174 1861 entes
198 1815 252 1859 eos
277 1801 309 1859 et
332 1813 386 1857 eas
409 1813 466 1874 per
489 1793 758 1858 subcamerarium
781 1799 925 1858 nostrum
948 1798 981 1860 et
1003 1796 1092 1876 regui
1115 1795 1268 1861 Bohemie
1291 1802 1324 1861 et

96 1908 288 1972 sofficiales
319 1924 524 1988 quoscunque
558 1925 615 1986 per
644 1906 804 1986 predictos
835 1907 943 1970 decem
974 1927 1074 1973 annos
1105 1908 1138 1974 in
1164 1910 1322 1989 censibus

97 2023 137 2086 ris
161 2029 193 2085 et
216 2022 288 2084 aliis
312 2020 529 2083 solucionibus
552 2019 746 2099 pecuniariis
762 2019 1001 2100 quomodolibet
1023 2039 1209 2103 aggrnuore.
1233 2021 1323 2088 Man·

97 2153 141 2198 us
167 2135 263 2214 igitur
286 2131 530 2196 subcamerariis
554 2136 586 2195 ot
609 2131 681 2194 aliis
706 2129 896 2196 officialibus
922 2132 1012 2213 regui
1035 2134 1137 2198 nostri
1159 2133 1322 2214 Bohemie,

97 2248 177 2310 tibus
202 2246 318 2308 uostris
342 2245 477 2322 dilectis,
503 2245 557 2326 qui
580 2263 664 2308 nunc
687 2250 762 2309 sunt
783 2262 840 2308 seu
863 2262 920 2326 pro
937 2250 1080 2326 tempore
1103 2244 1229 2326 fuerint,
1253 2265 1324 2328 pre-

102 2360 175 2423 ibus
206 2358 338 2421 tirmiter
368 2363 400 2420 et
430 2356 585 2435 districte,
620 2361 778 2438 quatenus
808 2376 865 2437 per
894 2357 1055 2439 predictos
1085 2359 1194 2422 decem
1224 2375 1325 2422 annos

128 2468 258 2551 profatis
290 2470 414 2533 ciuibus
450 2474 482 2532 et
513 2469 626 2533 incolis
658 2469 792 2533 Minoris
826 2470 965 2534 ciuitatis
996 2470 1165 2552 Progensis
1200 2489 1324 2550 census,

97 2601 144 2646 ras
169 2589 201 2645 et
223 2582 304 2645 alias
328 2582 508 2645 solucioues
532 2583 601 2645 siue
626 2582 881 2646 contribucioues
900 2584 1102 2671 pecuniarias
1125 2602 1325 2666 nequaquam

97 2700 168 2766 :ant
194 2694 356 2773 recipiunt,
389 2693 551 2773 postulent
574 2712 631 2758 seu
654 2695 827 2776 requirant,
860 2694 917 2759 sed
940 2695 1051 2776 pocius
1074 2697 1161 2778 ipsos
1184 2702 1217 2760 et
1239 2697 1325 2779 ipsas

98 2807 281 2870 huiusmodi
315 2806 472 2882 censibus,
503 2806 611 2870 bernis
634 2814 667 2870 et
689 2807 906 2872 solucionibus
938 2827 996 2890 per
1025 2809 1186 2890 predictos
1217 2810 1326 2875 decem

99 2938 140 2995 ss5
165 2926 195 2981 rt
221 2919 386 2998 profertum
418 2925 620 2998 supportatos
644 2920 836 2983 habeantet
858 2927 1032 3001 exemptos
1063 2927 1158 3003 prout
1179 2923 1324 3003 indigna·

97 3052 153 3096 em
177 3040 316 3094 nostram
341 3032 460 3110 regiam
492 3032 596 3093 arcius
620 3031 779 3094 voluerint
810 3032 939 3097 esitare.
984 3032 1022 3095 In
1045 3032 1135 3097 cuius
1159 3035 1206 3099 rei
1229 3035 1325 3099 robur

97 3144 309 3206 testimonium
341 3143 481 3222 sigillum
512 3143 688 3206 maiestatis
711 3148 820 3207 nostre
842 3146 1045 3225 presentibus
1068 3151 1119 3210 est
1140 3164 1324 3227 appensum.

97 3276 147 3319 nm
179 3257 278 3334 Pruge
310 3274 391 3317 amm
424 3256 542 3318 doruirri
566 3252 867 3334 MCCCCXXXVII,
898 3257 1043 3338 proxima
1072 3258 1153 3322 scria
1182 3259 1225 3322 11·
1251 3263 1324 3338 post

98 3389 145 3431 rm
171 3367 310 3430 omnium
336 3374 526 3444 sanctorum,
550 3386 720 3447 regnorum
742 3374 924 3433 nostrorum
946 3387 992 3436 oc.

132 3538 152 3590 Z
173 3538 288 3604 register
307 3540 394 3591 ciseio
413 3537 558 3604 Sigrruruda
576 3556 590 3589 z
610 3538 627 3591 1.
648 3544 713 3590 1436
733 3552 750 3590 a
769 3543 835 3591 1437
854 3539 1057 3593 vLobkovicke
1076 3540 1219 3594 bibliotece
1231 3536 1322 3592 Roud-

98 3639 104 3688 ἐ
119 3643 167 3687 str.
184 3640 232 3685 134
245 3649 261 3685 a
277 3651 291 3684 z
305 3633 522 3701 diplomaturium
535 3632 606 3700 regis
619 3632 728 3701 Georgii
740 3635 762 3687 d.
776 3640 826 3687 394
839 3634 886 3688 list
897 3641 947 3688 696
967 3652 982 3687 v
994 3635 1168 3690 Lobkovicke
1181 3633 1323 3687 bibliotece

100 3730 159 3782 ske.

601 3893 665 3977 Cis.
690 3913 762 3978 144.

403 4081 507 4150 1438.
546 4083 579 4150 8.
603 4084 755 4151 cervus.
793 4085 961 4153 Jiblava.

98 4255 111 4316 'l
134 4253 279 4360 Albaecbt
301 4258 350 4332 jscr
373 4255 476 4318 :colon
498 4278 535 4317 zo
557 4255 645 4318 krdle
669 4234 798 4321 &ambo
826 4260 985 4342 potcrzoje
1007 4261 1087 4320 udan
1108 4259 1228 4320 savam
1250 4255 1322 4318 kra‘·

98 4371 141 4428 tri
164 4363 293 4430 Ceste-ebo
323 4369 385 4448 jr’cb
410 4373 516 4449 prr-duo
538 4390 559 4429 a
582 4367 723 4453 scobody,
754 4372 899 4454 mcazuje
928 4393 959 4433 se
984 4369 1105 4454 „baidp'
1125 4379 1193 4433 stov
1215 4371 1323 4454 ojebo

98 4501 124 4552 u,
143 4483 249 4561 procu
264 4502 285 4540 c
307 4480 441 4542 scoboctc'
450 4481 609 4543 zacbocata'
629 4481 644 4542 a·
661 4482 743 4564 pr'ed
759 4481 932 4565 bezprdm'm
947 4481 1097 4559 tranire,
1120 4481 1324 4565 kompabtoco
