3068 5160
673 356 747 404 (664.
1304 361 1355 423 97

58 555 136 618 riam
160 554 266 637 passis
289 555 443 638 applicari
467 562 500 622 et
514 557 598 621 solui
621 558 768 624 volumus
788 560 858 641 ipso
881 558 1179 645 factaettociens,
1198 567 1356 649 ¹quociens
1455 603 1474 647 ·.
1514 586 1517 591 ·

57 667 308 733 contrafactum
338 668 444 748 luerit,
478 671 662 736 senouerit
690 671 955 738 irremissibiliter
977 672 1190 742 incursurum.
1220 677 1360 744 Presen->

57 780 139 844 cium
157 781 218 846 sub
234 788 341 846 nostre
357 783 536 848 maiestatis
552 783 659 864 sigillo
674 784 858 848 testimonio
875 784 1064 852 litterarum.
1087 786 1207 853 Datum
1221 789 1355 854 Lucem-

53 893 134 974 burg
158 912 242 958 anno
258 894 380 960 domini
395 895 567 960 millesimo
583 895 807 961 trecentesimo
823 897 1088 979 quinquagesimo
1105 904 1229 981 quarto,
1252 900 1355 965 indic-

54 1007 145 1070 cione
177 1006 322 1086 septima,
352 1006 413 1072 Vl⁰
435 1008 516 1090 ydus
547 1007 673 1087 Marcii,
702 1026 874 1089 regnorum
903 1016 1084 1076 nostrorum
1115 1030 1201 1076 auno
1229 1018 1355 1079 octauo.

157 1201 241 1256 Liber
258 1203 460 1258 vetustissimus
478 1204 680 1272 privilegiorum
698 1207 721 1259 6.
734 1211 786 1259 393
798 1213 845 1260 str.
859 1212 892 1259 33
904 1223 921 1258 v
933 1206 1043 1261 archivo
1058 1225 1093 1262 m.
1106 1207 1203 1278 Prahy.
1216 1241 1250 1251 -
1261 1208 1354 1264 Pelzel

55 1297 119 1350 (66
138 1296 188 1351 uer
206 1297 307 1351 ureae.
342 1297 520 1354 Urkundenn.
549 1299 596 1354 nr.
613 1298 723 1354 cxxx.
742 1329 775 1338 -
794 1282 884 1369 desua
902 1300 1018 1369 prenae
1038 1320 1053 1354 z
1072 1301 1130 1356 xv.
1149 1302 1242 1359 sareu
1258 1304 1354 1358 nueza

55 1408 82 1446 ae
93 1391 213 1446 uChaos
232 1408 321 1446 rerum
339 1394 553 1448 memorabilium
572 1396 594 1449 d.
614 1400 663 1449 326
683 1401 730 1449 sir.
749 1402 764 1448 2
783 1411 799 1446 v
817 1394 927 1449 archiva
945 1413 979 1450 m.
992 1396 1081 1465 Prahy
1099 1413 1116 1452 a
1134 1392 1238 1452 rknize
1252 1397 1353 1466 „Prdva

53 1487 187 1541 rozlidua“
214 1495 263 1541 str.
281 1494 313 1542 67
332 1503 348 1540 v
367 1488 507 1542 biblioteca
532 1489 655 1558 kapitoly
672 1488 874 1557 Vyiehradakd.
899 1519 933 1528 -
956 1490 1018 1544 List
1041 1499 1116 1545 tento
1141 1491 1260 1561 potvrdil
1282 1494 1354 1548 61661

55 1581 183 1650 Sigmund
202 1582 314 1636 vPrazc
333 1589 374 1638 26.
394 1599 477 1652 srpna
495 1590 569 1638 1436.

634 1809 697 1893 crs.
722 1831 774 1894 61.

404 1988 508 2056 1364.
544 1991 576 2056 6.
601 2005 728 2074 srpna.
762 1949 1003 2059 Norimberlc.

60 2161 135 2225 Krdl
157 2161 260 2224 Karcl
283 2160 339 2223 IV.
364 2161 529 2245 cyavdtlajc
553 2164 694 2225 narbzeni
716 2161 802 2224 dane*
819 2162 967 2247 spatam,
999 2161 1263 2228 166666161νηί66
1285 2165 1354 2228 obcc'

64 2272 320 2337 17616166166666666
343 2272 526 2349 Praiakclro,
558 2279 590 2335 ic
613 2273 655 2336 ku
677 2272 774 2337 abircc
796 2274 884 2337 2400
905 2275 966 2358 kap
996 2278 1115 2360 aemcjc‘
1136 2275 1203 2360 by'ci
1216 2279 1349 2360 potabo-

61 2389 128 2450 cc'ci
151 2386 336 2461 6666661666,
360 2386 408 2449 let
419 2385 532 2469 polcud
553 2389 634 2470 maji
650 2386 736 2470 jalcd
756 2386 899 2470 kapcctui
919 2386 978 2450 aab
993 2389 1073 2473 jiaa'
1092 2386 1176 2452 zboic'
1196 2391 1352 2454 acncovita'

580 2498 688 2562 ltromd
707 2497 828 2561 demde.

154 2691 295 2755 Karalus
318 2689 370 2752 dei
393 2689 501 2769 gracia
522 2688 736 2753 Romanorum
759 2708 815 2753 rex
839 2708 964 2773 semper
986 2697 1141 2774 augustus
1164 2698 1198 2758 et
1218 2693 1351 2759 Boemie

57 2821 114 2869 rex.
129 2854 137 2868 .
152 2804 281 2886 .judici,
310 2802 504 2881 consulibus,
519 2851 525 2866 .
541 2851 548 2867 .
561 2802 677 2884 juratis
693 2821 731 2867 ac
745 2803 947 2869 uniuersitati
964 2805 1104 2870 ciuitatis
1121 2805 1253 2872 Maioris
1271 2808 1350 2872 ciui-

56 2917 124 2981 6616
149 2916 321 2996 Pragcnsis
344 2915 484 2996 graciam
507 2914 628 2995 regiam
644 2920 676 2979 et
691 2933 784 2979 omne
807 2915 936 2982 bonum.
960 2918 1186 2985 Insinuacione
1208 2921 1350 2985 veridica

55 3030 88 3092 ad
111 3047 208 3093 aures
231 3033 339 3093 nostre
363 3026 561 3091 celsitudinis
585 3045 687 3109 nuper
701 3029 846 3108 deducta,
871 3030 955 3111 quod
970 3029 1054 3094 inter
1069 3049 1127 3095 vos
1144 3032 1346 3097 dissenciatis

54 3161 147 3224 super
170 3142 308 3223 quodam
331 3118 465 3204 articulo
490 3145 636 3204 contento
659 3140 693 3204 16
717 3140 878 3222 regalibus
897 3141 1013 3206 litteris
1038 3161 1134 3224 super
1156 3144 1349 3210 colleccione

53 3254 185 3320 duorum
210 3253 333 3317 milium
354 3258 386 3316 et
401 3252 704 3334 quadringentarum
727 3272 966 3334 sexagenorum,
991 3272 1070 3336 quas
1093 3255 1236 3336 proxime
1259 3256 1349 3320 vobis

52 3367 182 3433 donauit
205 3364 361 3430 celsitudo
384 3365 482 3446 regia,
513 3364 664 3429 videlicet
685 3365 878 3429 mechanicis
908 3365 1090 3431 hominibus
1120 3368 1274 3433 duntaxat
1295 3386 1348 3430 cx-

51 3481 160 3561 ccptis
178 3496 259 3561 quos
275 3476 543 3541 acontribucione
559 3476 743 3540 huiusmodi
754 3475 872 3541 liberos
885 3495 956 3541 6666
968 3477 1116 3542 volumus
1130 3484 1164 3542 et
1174 3483 1347 3558 exemptos,

50 3595 87 3657 ad
102 3591 284 3657 tollendum
309 3609 435 3654 omnem
455 3589 688 3654 dissensionem
704 3587 887 3653 huiusmodi
903 3590 1039 3654 eundem
1055 3589 1225 3654 articulum
1241 3589 1349 3654 taliter

49 3706 260 3783 declaramus,
285 3703 370 3783 quod
392 3700 569 3778 mechanici
592 3701 631 3764 de
652 3698 756 3764 officio
772 3704 805 3764 et
819 3706 887 3764 arte
910 3701 1096 3766 mechanica
1116 3706 1240 3766 tautum
1263 3703 1347 3766 nude

47 3824 80 3881 et
101 3817 229 3899 precise
256 3815 353 3879 soluti
383 3832 454 3879 esse
485 3814 626 3878 debeant.
643 3812 682 3877 de
704 3831 765 3877 vno
796 3811 916 3876 fertone
948 3814 1108 3878 acaciam
1138 3813 1177 3877 de
1201 3814 1347 3880 domibus

49 3930 203 4012 ipsorum,
228 3929 285 3993 sed
307 3928 346 3992 (16
370 3927 443 3991 aliis
459 3926 555 3991 rebus
579 3925 787 4005 (6666666616,
812 3925 1054 4006 hereditatibus,
1077 3926 1346 4008 possessionibus

47 4045 81 4107 in
111 4058 303 4124 quocunque
338 4040 533 4119 consistunt,
576 4040 616 4103 ad
646 4039 791 4120 predicta
820 4038 882 4104 duo
913 4039 1004 4103 milia
1034 4044 1066 4103 et
1097 4038 1345 4121 quadringentas

46 4171 225 4236 sexagenas
256 4152 392 4216 debeant
423 4152 632 4230 contribuere,
668 4152 751 4215 sicut
785 4151 882 4216 ceteri
913 4151 1069 4231 homines,
1108 4153 1162 4234 qui
1193 4132 1348 4234 cogentur

44 4269 86 4332 od
122 4266 266 4354 ‹narrdem⁴
293 4264 499 4328 solucionem.
545 4262 748 4329 llecbanicos
779 4283 864 4343 uero,
899 4265 954 4346 qui
986 4264 1085 4328 atali
1116 4282 1211 4329 onere
1246 4264 1344 4329 soluti

43 4399 117 4445 6666
136 4378 283 4454 debcant,
307 4376 511 4441 nominaliter
526 4374 755 4456 specificamus,
779 4375 929 4441 videlicet
947 4382 1083 4456 sutores,
1107 4376 1254 4458 pistores,
1279 4396 1346 4442 car-

42 4493 167 4573 nificea,
193 4488 420 4567 cultellatores,
445 4488 677 4568 calcariatores,
701 4488 889 4570 galeatores‚
917 4489 1151 4570 pannirasores
1174 4496 1344 4568 tentatores

1175 4623 1189 4671 7
