3068 5160
172 358 213 421 96
783 358 857 407 rear.

172 566 212 630 de
235 565 382 630 libertate
414 563 503 644 regia
533 568 682 645 remaque
712 568 822 627 nostra
850 560 992 627 sciencia
1021 559 1103 626 huuc
1132 558 1274 641 graciam
1303 555 1448 639 perpetuis

171 677 369 759 temporibus
392 677 577 741 duraturam
600 675 748 740 duximus
771 673 913 756 presenti
942 672 1070 737 decreto
1092 670 1283 750 faciendam,
1318 666 1450 734 videlicet

173 792 256 872 quod
287 790 422 871 predicti
456 789 544 854 ciues
573 788 751 871 Prageuses
781 786 1012 869 persingulas
1042 789 1076 849 et
1104 784 1273 848 vulnerans
1308 781 1449 856 ciuitates,

172 903 276 983 opida,
307 903 388 982 loca,
419 907 525 966 castra
545 906 580 966 et
600 899 695 965 villas
724 904 834 964 nostro
856 904 891 964 et
911 899 1054 964 Romano
1085 895 1221 978 imperio
1250 894 1452 960 subiectaset

173 1014 326 1094 subiecta,
362 1014 541 1095 ubicunque
576 1012 718 1078 locorum
747 1018 781 1077 et
809 1017 968 1077 terrarum
1001 1010 1192 1076 constitutas
1221 1015 1256 1076 et
1285 1008 1450 1078 consume

172 1146 283 1192 omnes
306 1128 449 1209 ipsorum
471 1126 697 1205 mercaciones,
720 1143 773 1190 res
795 1143 853 1191 seu
874 1125 961 1191 bona
981 1129 1015 1191 et
1034 1122 1245 1189 mercimonia
1266 1137 1449 1205 quecunque,

172 1240 389 1323 cuiuscunque
411 1239 548 1321 generis,
572 1238 719 1319 nominis,
743 1242 857 1305 nature
872 1257 930 1305 seu
955 1236 1153 1303 condicionis
1175 1235 1318 1301 existant
1330 1234 1382 1299 vel
1395 1251 1451 1298 cen·

171 1356 310 1432 scantur,
334 1353 404 1417 sine
419 1351 593 1433 solucione,
616 1351 817 1433 prestatione
832 1357 867 1417 et
880 1351 1057 1417 donatione
1073 1349 1294 1430 cuiuscunque
1314 1344 1449 1421 thelonei,

172 1465 309 1548 pedagii,
326 1465 511 1546 conductus,
535 1471 622 1530 mute
645 1483 682 1530 ac
697 1465 830 1530 alterius
852 1465 1048 1547 grauaminis
1064 1464 1098 1528 in
1112 1468 1209 1541 terra,
1232 1480 1320 1545 aqua
1340 1462 1448 1536 ducere,

171 1579 308 1643 educere
339 1584 373 1643 et
401 1578 565 1659 reducere,
596 1596 713 1659 emere,
744 1578 882 1643 vendere
912 1583 946 1643 et
974 1581 1166 1660 permutare,
1199 1574 1380 1641 distrahere
1407 1589 1449 1637 seu

172 1691 322 1771 alienare,
348 1691 442 1756 etde
473 1692 587 1756 iisdem
617 1691 705 1756 aliud
735 1690 905 1771 disponere
935 1690 987 1755 vel
1016 1694 1164 1763 tractare,
1195 1694 1230 1754 et
1251 1706 1325 1753 cum
1346 1685 1447 1752 eisdem

172 1804 266 1868 rebus
289 1808 323 1868 et
343 1804 503 1869 mercibus
533 1803 670 1869 transire
700 1808 853 1885 tauquam
882 1802 944 1867 viri
966 1802 1104 1883 exempti
1136 1805 1169 1866 et
1190 1800 1287 1866 liberi
1318 1800 1359 1865 ab
1379 1793 1446 1864 onni

171 1915 346 1981 solutionis
377 1934 474 1981 onere
505 1915 728 1981 theloneorum
760 1915 976 1996 predictorum
1006 1932 1131 1979 exnunc
1152 1913 1283 1979 inantea
1304 1909 1445 1995 perpetuis

170 2029 368 2110 temporibus
390 2030 491 2095 libere
506 2029 644 2095 debeant
656 2031 753 2111 atque
767 2026 893 2110 possint
907 2046 964 2109 pro
981 2027 1123 2109 ipsorum
1137 2024 1340 2108 beneplacito
1355 2023 1444 2088 voluu-

172 2141 264 2220 tatis;
297 2161 316 2206 a
338 2141 454 2224 quibus
478 2141 607 2223 quidem
628 2140 797 2220 theloneis,
831 2139 1048 2220 conductibus
1080 2139 1181 2204 daciis
1203 2144 1238 2203 et
1258 2137 1400 2221 pedagiis
1422 2137 1445 2196 et

171 2253 336 2318 solucione
370 2255 543 2319 eorundem
576 2253 717 2336 prelatos
747 2253 836 2318 ciues
864 2252 1042 2333 Pragenses
1075 2253 1115 2317 de
1144 2251 1348 2333 plenitudine
1376 2245 1445 2328 regie

171 2366 339 2446 potestatis
360 2367 502 2432 Romane
525 2373 558 2432 et
572 2367 690 2432 virtute
711 2366 912 2448 presencium
935 2365 1131 2430 libertandos
1155 2364 1303 2429 duximus
1319 2369 1352 2429 et
1366 2357 1445 2428 omul-

170 2477 264 2541 mode
275 2478 498 2559 absoluendos,
514 2479 667 2560 volentes,
682 2479 890 2545 decernentes
902 2497 940 2543 ac
950 2483 1104 2560 perpetuo
1116 2476 1244 2541 decreto
1257 2477 1445 2544 sarcotenta

170 2595 205 2654 vt
226 2590 361 2672 predicti
385 2592 471 2656 ciues
494 2591 672 2673 Pragenses
694 2592 728 2656 in
750 2589 955 2672 exemptione
977 2589 1160 2655 huiusmodi
1189 2589 1407 2656 theloneorum
1423 2584 1447 2644 el

170 2704 378 2785 pedagiorum
393 2704 572 2787 ubicunque
589 2705 731 2770 locorum
747 2704 832 2768 omni
847 2723 887 2768 ea
900 2703 1048 2768 libertate
1063 2707 1096 2767 et
1111 2702 1313 2768 immunitate
1328 2700 1447 2784 gaudere

171 2817 316 2896 debeant,
333 2817 449 2899 quibus
465 2817 581 2883 ciuitas
596 2822 706 2883 nostra
720 2816 1000 2898 Nurenburgeusis
1015 2816 1133 2898 gaudet
1148 2820 1181 2880 et
1195 2816 1328 2896 potitur.
1351 2812 1448 2879 Nullus

171 2929 270 3011 igitur·
292 2930 450 3012 princeps,
477 2930 713 2995 ecclesiasticus
737 2929 788 2995 vel
819 2929 982 3008 secularis,
1013 2928 1185 3010 nullusque
1207 2928 1282 3006 dux,
1314 2923 1449 2997 marchio,
1492 2910 1494 2914 ’

171 3060 286 3120 comes,
311 3043 398 3122 baro,
421 3044 595 3108 aduocatus
618 3042 835 3124 prouincialis,
865 3046 979 3120 rector,
1003 3039 1170 3119 officiatus
1202 3039 1310 3119 iudex,
1341 3040 1450 3109 ciuica

171 3154 373 3234 uniuersitas,
398 3155 617 3234 communitas,
648 3153 819 3235 collegium
850 3158 906 3219 aut
927 3172 1117 3236 quecunque
1147 3152 1212 3217 alia
1240 3171 1381 3234 persona
1402 3151 1453 3217 siu·

171 3266 292 3347 gularis
316 3268 533 3350 cuiuscunque
555 3273 667 3346 status,
691 3267 856 3348 dignitatis
887 3284 945 3331 seu
973 3267 1210 3348 preeminencie
1240 3266 1370 3346 existat,
1401 3281 1455 3329 am·

171 3380 265 3443 modo
300 3378 416 3444 audeat
438 3380 488 3445 vel
511 3384 675 3462 presumat
697 3385 807 3445 contra
829 3380 987 3461 presentis
1009 3379 1168 3444 libertatis
1191 3383 1224 3443 et
1247 3377 1457 3444 concessionis

170 3498 278 3556 nostre
301 3493 440 3572 graciam
462 3491 594 3574 prefatis
618 3492 742 3558 ciuibus
764 3491 890 3570 iactam,
914 3498 948 3556 vt
969 3492 1174 3573 premittitur,
1199 3491 1322 3556 directe
1344 3490 1399 3555 vel
1419 3490 1460 3553 in·

170 3604 300 3682 directe,
324 3604 450 3686 publice
472 3604 523 3669 vel
546 3606 670 3670 occulte
692 3623 751 3687 per
774 3623 819 3684 se,
843 3605 942 3670 alium
958 3605 1009 3668 vel
1032 3605 1112 3669 alios
1136 3603 1295 3683 thelonea,
1318 3603 1461 3685 pedagia,

170 3717 366 3796 exacciones,
389 3716 490 3796 dacia,
515 3717 688 3783 conductus
710 3735 769 3783 seu
791 3717 923 3800 quasuis
946 3716 1026 3782 alias
1049 3717 1242 3782 donaciones
1266 3715 1306 3780 de
1321 3716 1465 3797 ipsorum

171 3830 265 3894 rebus
288 3835 321 3895 et
343 3829 596 3895 mercaciouibus
618 3830 756 3910 exigere,
789 3834 909 3911 petere,
935 3830 1087 3911 recipere,
1119 3828 1233 3893 tollere
1263 3834 1320 3893 aut
1342 3829 1465 3912 aliqua·

169 3940 243 4005 liter
273 3948 472 4023 extorquere.
497 3940 530 4007 Si
552 3941 625 4024 quis
656 3948 762 4006 autem
791 3942 1006 4023 predictorum
1035 3962 1092 4024 per
1114 3960 1150 4007 se
1172 3942 1271 4006 alium
1301 3941 1352 4006 vel
1384 3943 1468 4009 alios

170 4058 279 4117 contra
301 4055 361 4120 boc
392 4058 580 4136 attemptare
606 4055 838 4136 presumpserit
860 4052 894 4119 et
914 4056 1075 4137 presentis
1097 4060 1206 4120 nostre
1237 4056 1345 4136 gracie
1376 4057 1468 4139 pagi-

169 4180 241 4226 nam
264 4182 343 4229 ausu
367 4167 536 4230 temerario
560 4167 593 4231 in
614 4171 683 4232 toto
706 4167 759 4230 uel
783 4168 816 4232 iu
838 4173 927 4250 parte
949 4167 1070 4232 violare
1085 4172 1119 4232 et
1133 4166 1306 4248 infringere
1329 4174 1470 4252 attemp-

167 4275 295 4355 tauerit,
326 4276 581 4357 indignacionem
605 4284 801 4344 nostramet
823 4299 955 4361 grauem
977 4280 1154 4345 maiestatis
1177 4286 1287 4345 nostre
1311 4278 1471 4348 offensam

168 4406 205 4452 ao
228 4387 328 4451 eciam
342 4406 457 4469 penam
473 4391 703 4473 quinquaginta
725 4391 879 4456 librarum
902 4392 972 4456 auri
994 4393 1075 4473 puri,
1101 4412 1235 4474 quarum
1258 4394 1470 4460 medietatem

167 4497 244 4563 fisco
268 4500 367 4581 regio,
391 4499 546 4583 reliquam
569 4522 643 4568 vero
666 4503 868 4569 medietatem
892 4504 975 4568 dicte
999 4504 1121 4569 ciuitati
1138 4505 1293 4587 Prageusi
1307 4523 1367 4571 seu
1383 4508 1473 4574 iniu-
