3090 5370
674 386 750 435 ¹⁸⁵&
1301 384 1364 449 tlt

56 592 150 656 linus
171 590 282 655 existit
304 598 337 655 et
358 592 475 655 ciuitas
504 598 615 655 nostra
643 590 755 672 pocius
778 608 905 655 camera
935 598 1150 657 mercatorum
1170 596 1205 657 et
1224 592 1367 661 mari

57 723 166 768 orum
199 721 296 786 quam
325 703 401 766 nula
430 703 612 785 principum
632 712 665 767 et
686 722 799 784 regum
829 704 894 767 elici
916 712 1058 767 meretur
1068 699 1106 769 ἣ.
1150 700 1269 787 &tune
1288 704 1369 773 sdes

59 816 174 881 inedia
194 817 363 881 consumit
385 824 422 879 ut
443 814 598 880 nonnulle
619 815 735 880 domus
757 834 911 880 rumumn
926 816 1147 897 magnitudine
1161 822 1296 898 manate
1314 816 1368 883 rin

57 931 127 995 duo
150 948 207 993 era
227 928 410 1010 appendant
432 929 566 993 minuta.
595 928 663 995 Hee
685 935 793 994 autem
815 938 904 995 tantu
931 930 1085 1012 turpiora
1109 930 1202 995 irrita
1222 936 1255 995 et
1277 930 1367 997 rant-

58 1051 130 1107 tate
152 1041 251 1122 digua
271 1048 357 1105 sunt.
379 1052 499 1123 quanto
522 1052 632 1107 eontra
651 1060 760 1107 saurus
774 1042 864 1124 leges
885 1050 919 1108 et
940 1042 1128 1109 sanctiones
1142 1043 1367 1124 mammaeae

59 1166 271 1236 nostramque
291 1172 329 1217 ac
350 1154 617 1236 predecessomm
631 1160 814 1219 nostromm
831 1155 1040 1221 clemenciam
1061 1154 1145 1221 aete
1166 1154 1266 1233 tuere,
1288 1155 1365 1221 dum

58 1268 170 1333 aliena
191 1285 251 1348 per
270 1283 338 1333 eos
360 1268 417 1349 qui
438 1267 479 1332 de
499 1269 573 1350 jure
594 1268 717 1350 absque
746 1286 858 1349 regrtm
880 1285 1039 1333 consensu
1065 1266 1208 1333 slieusre
1228 1274 1262 1335 et
1283 1266 1365 1333 obli·

59 1399 140 1462 gare
170 1378 293 1460 regalia
321 1378 453 1444 minime
482 1386 665 1461 potuerunt.
699 1379 893 1461 obligantur.
937 1378 1004 1445 Nos
1026 1379 1214 1461 intentati,
1244 1379 1365 1461 optimo

59 1494 161 1558 statui
184 1502 217 1555 et
238 1491 403 1573 prosperis
432 1492 636 1558 successibus
660 1492 804 1557 fidelium
827 1502 1009 1557 nostromm
1035 1492 1235 1561 dilectorum.
1265 1490 1365 1555 bono·

59 1604 214 1670 nubilium
228 1603 376 1684 magistri
397 1604 527 1684 ciuium,
539 1606 720 1689 juratorum
734 1606 902 1671 consulum
916 1606 1085 1689 tociusque
1099 1602 1239 1685 magnit
1253 1602 1364 1687 populi

60 1712 234 1782 Maioris⁷r
257 1714 400 1780 ciuitatis
421 1715 603 1799 Pragensis,
634 1736 770 1801 quorum
791 1737 850 1802 pro
874 1726 966 1801 parte
996 1716 1162 1783 humiliter
1185 1724 1217 1783 et
1243 1716 1364 1783 instau-

59 1831 188 1894 tissime
216 1830 258 1893 de
286 1828 426 1909 benigno
458 1828 594 1895 buiusce
622 1829 766 1896 remedio
796 1829 958 1895 maiestati
981 1836 1090 1895 nostre
1111 1829 1218 1895 extitit
1241 1827 1363 1911 suppli·

58 1952 179 2019 catum
201 1940 341 2006 libenter
360 1948 540 2006 annuentes
559 1948 595 2007 et
615 1940 795 2023 graciosim
816 1940 972 2017 trenes,
994 1960 1059 2006 non
1075 1960 1133 2023 per
1151 1959 1293 2007 errorem
1310 1949 1364 2006 aut

58 2052 252 2136 improuide,
273 2054 333 2119 sed
352 2052 461 2118 mimo
481 2051 671 2133 debbento,
692 2071 773 2120 sano
792 2072 961 2137 procerum
976 2062 1010 2119 et
1023 2052 1166 2120 fidelium
1181 2062 1364 2119 nostrorum

58 2167 234 2232 accedente
262 2164 409 2245 consilio,
439 2164 481 2231 de
509 2172 598 2231 certa
621 2172 733 2231 nostra
754 2165 905 2237 sciencia.
926 2166 1118 2233 auctoritate
1139 2167 1231 2249 regia
1252 2182 1365 2231 omues

57 2284 93 2344 et
114 2276 262 2359 singulos
283 2296 400 2344 census
428 2277 542 2356 ediles,
572 2296 631 2344 seu
652 2279 687 2345 in
708 2278 857 2345 domibus
886 2278 972 2345 dieta
992 2278 1135 2345 ciuitatis
1156 2294 1264 2347 mnus
1284 2296 1363 2361 pen·

60 2392 154 2455 sione
174 2398 311 2472 ammos,
334 2397 535 2472 comparatos
549 2397 585 2459 et
597 2390 766 2474 obligatos,
783 2391 978 2457 coniunctim
991 2398 1025 2457 et
1039 2390 1181 2469 diuitum,
1196 2389 1362 2473 aquibus·

58 2522 188 2584 cunque
224 2504 382 2585 personis
416 2502 647 2569 ecclesiasticis
668 2510 704 2572 et
735 2504 946 2584 secularibus,
976 2502 1138 2571 extraneis
1170 2506 1205 2569 et
1236 2501 1362 2573 ineolis.

59 2617 145 2680 sicut
165 2614 267 2691 irrite
297 2633 378 2680 rane
399 2622 434 2679 et
455 2633 547 2680 casse
567 2615 691 2698 absque
719 2615 867 2681 diuomm
893 2614 1158 2699 predecessorum
1179 2622 1361 2683 nostrorum

57 2745 220 2792 consensu
234 2733 269 2792 et
282 2727 397 2792 robore
410 2732 646 2809 processenmt,
659 2734 824 2810 tamquam
840 2726 980 2807 odiosos,
999 2725 1127 2811 legibus
1142 2726 1362 2793 communibus

56 2846 92 2905 et
113 2838 363 2921 municipalibus
385 2839 573 2916 contrarios,
596 2838 737 2905 libertati
759 2839 925 2919 aduersos,
947 2839 1124 2922 reipublice
1145 2840 1289 2919 noeluos,
1318 2838 1363 2905 ei·

58 2952 214 3033 uiumque
235 2953 334 3016 statii
356 2950 483 3032 priuato
497 2949 672 3032 plurimum
690 2949 867 3018 officientes
888 2970 1089 3031 reuocamus
1111 2953 1284 3025 irritamus.
1307 2952 1363 3019 ds·

58 3065 225 3141 struimus,
244 3081 408 3128 cassamus
421 3068 456 3127 et
468 3061 682 3141 annullamus,
696 3070 883 3141 reuocatos,
902 3064 1022 3143 irritos,
1041 3065 1232 3143 destructos,
1252 3082 1361 3139 uanos,

59 3194 171 3242 cassos
192 3182 226 3240 et
247 3174 354 3240 nullos
375 3175 636 3257 pronunciamus.
675 3172 737 3239 Est
756 3182 791 3239 et
811 3175 877 3241 alie
897 3177 1000 3259 pestis
1029 3176 1137 3259 priore
1158 3175 1360 3249 venenosior.

58 3288 212 3354 ciuilitati
241 3306 368 3371 quoque
391 3286 564 3368 plurimum
586 3286 734 3365 aduersa,
765 3288 817 3352 eui
845 3305 904 3355 nos
930 3288 1020 3371 regio
1042 3305 1212 3353 occurrero
1234 3294 1362 3371 oportet
1426 3340 1429 3347 .
1468 3334 1473 3341 -

58 3401 216 3467 antidoto.
253 3399 397 3478 Quodam
419 3400 506 3465 enim
528 3398 637 3465 littere
660 3398 870 3481 obligationis
892 3400 1073 3467 debitorum
1096 3418 1116 3465 a
1138 3398 1305 3465 consulatu
1328 3406 1359 3463 et

58 3512 238 3578 maioribus
261 3513 402 3577 animas
425 3513 485 3578 sub
507 3511 730 3577 memineritis
752 3518 787 3577 et
807 3511 926 3595 sigillis
940 3512 1082 3579 ciuitatis
1096 3510 1239 3595 predicte
1254 3511 1360 3577 miuus

59 3625 220 3707 legittime
249 3627 284 3690 in
314 3625 519 3706 dispendium
546 3630 581 3691 et
609 3624 836 3690 detrimentum
868 3642 932 3692 non
962 3624 1129 3691 minimum
1151 3629 1186 3689 et
1206 3623 1267 3689 hee
1289 3620 1359 3705 plu·

59 3739 142 3802 rime
170 3736 369 3818 temporibus
400 3737 538 3803 diuersis
569 3738 692 3821 absque
720 3736 811 3819 regio
841 3754 999 3802 consensu
1022 3740 1263 3817 emanauertmt,
1297 3752 1360 3818 que

57 3849 234 3914 maximum
248 3848 461 3914 desolacionis
483 3855 518 3914 et
538 3847 678 3915 infelicis
699 3848 881 3915 exterminii
897 3849 1062 3917 continent
1082 3847 1269 3915 lomentum.
1291 3844 1360 3913 lise

57 3960 191 4044 quidem
213 3960 322 4025 debita
343 3960 485 4027 ciuitatis
507 3960 651 4028 humeris
673 3960 899 4042 importabilia,
922 3960 1121 4027 insaciabilis
1135 3958 1271 4027 wulcani
1292 3977 1359 4033 ors,

58 4072 186 4155 replere
207 4089 272 4137 non
294 4072 454 4153 valebant,
484 4092 608 4157 necque
629 4073 678 4139 rei
699 4073 826 4155 priuate
855 4074 1026 4156 prouidere
1054 4072 1135 4139 sads
1156 4076 1307 4157 poterant
1327 4078 1361 4137 et

57 4184 236 4266 reipublice
259 4185 402 4266 grauiter
422 4184 614 4265 officiebant,
635 4184 770 4269 suntque,
794 4192 830 4252 ut
844 4185 1080 4253 inconsiderato
1094 4181 1172 4250 luxu
1186 4184 1359 4266 posteritas

59 4299 198 4361 innocua
220 4296 376 4362 maiorum
402 4314 535 4362 suorum
556 4315 720 4379 exangues
741 4303 775 4363 et
797 4298 972 4364 immeritas
995 4296 1065 4363 luat
1086 4314 1196 4379 penas,
1219 4304 1253 4361 et
1274 4296 1359 4379 quod

56 4410 99 4474 ad
122 4428 191 4473 rem
212 4409 371 4490 priuatam
393 4410 541 4493 neglecta
561 4410 704 4491 priorum
726 4416 796 4475 etas
818 4410 879 4476 sub
901 4409 1009 4493 speeie
1030 4408 1106 4474 boni
1128 4408 1249 4491 publiei
1273 4427 1358 4475 eoro-

56 4521 206 4587 munisve
228 4523 436 4605 consumpsit,
468 4521 718 4589 notissimorum
739 4523 847 4590 tenuis
873 4520 1058 4587 substancia
1080 4540 1144 4588 non
1173 4523 1244 4588 sino
1267 4520 1358 4603 graui
