3068 5160
206 363 272 425 174
821 362 896 411 ress.

205 567 392 649 (Nasleduje
407 566 481 648 plne
497 567 590 630 zuenl
604 566 774 647 privilegia
784 566 884 631 Karla
898 564 951 632 IV.
968 567 999 631 d.
1015 585 1056 629 na
1070 565 1258 631 Kfivokltte
1274 566 1338 632 due
1354 567 1386 633 3.
1402 552 1515 632 dubna'

206 680 287 743 1347
312 679 338 744 d.
361 680 404 742 48
427 697 443 742 s
466 678 644 761 ndktery'mi
666 679 847 761 zmenami.)
879 677 945 745 Nos
968 679 1067 760 igitur
1089 679 1291 744 attendentes
1313 678 1507 761 multiplicia

203 792 318 856 merita
347 791 516 872 probitatis
547 796 581 855 et
610 790 786 856 constantis
815 789 891 855 fidei
924 790 1096 872 puritatem
1130 792 1288 857 dictorum
1323 797 1504 857 nostrornm

204 905 321 968 ciuium
356 904 440 968 dicte
473 902 606 967 Maioris
638 902 778 967 ciuitatis
808 903 988 984 Pragensis,
1024 922 1086 985 que
1119 903 1249 985 quidem
1280 904 1375 985 regni
1406 906 1503 969 nostri

201 1016 333 1081 Boemie
357 1020 451 1097 caput
472 1021 506 1079 et
527 1016 620 1079 sedes
643 1015 762 1093 existit,
786 1033 960 1095 eorumque
982 1015 1077 1080 iustis
1101 1015 1315 1097 peticionibus
1338 1017 1393 1099 pie
1417 1019 1502 1096 moti,

202 1128 381 1210 presertim,
405 1147 476 1193 curn
492 1126 575 1192 iuste
590 1126 772 1208 petentibus
796 1144 859 1191 non
882 1131 933 1192 est
953 1127 1160 1208 denegandus
1183 1144 1349 1207 assensus,
1376 1131 1503 1194 attentis

202 1239 429 1304 nichilominus
458 1239 606 1304 fidelibus
629 1243 662 1302 et
684 1236 853 1303 indefessis
884 1238 1030 1303 seruitiis
1062 1238 1146 1304 dieto
1177 1240 1317 1321 genitori
1340 1247 1452 1307 nostro
1472 1247 1503 1306 et

203 1353 295 1416 nobis
326 1351 461 1416 solerter
490 1352 642 1432 impensis
676 1350 830 1415 hactenus
860 1356 894 1415 et
923 1351 1054 1416 inantea
1087 1369 1125 1416 eo
1160 1352 1290 1435 quidem
1323 1351 1502 1420 feruencius

204 1463 401 1542 exhibendis
432 1482 495 1527 non
526 1482 584 1545 per
614 1483 754 1529 errorem
785 1469 842 1528 aut
869 1465 1058 1546 improuide,
1091 1464 1149 1529 sed
1178 1466 1285 1530 animo
1316 1465 1501 1545 deliberato,

204 1595 280 1641 seno
304 1575 446 1640 fidelium
469 1582 649 1640 nostrorum
673 1578 845 1642 accedente
861 1577 995 1642 consilio
1018 1582 1051 1642 et
1073 1578 1112 1642 de
1136 1583 1223 1642 certa
1238 1582 1352 1643 nostra
1366 1579 1501 1644 sciencia

203 1687 361 1769 prefatum
391 1688 597 1770 priuilegium
620 1696 653 1754 et
675 1689 802 1771 singula
824 1689 857 1753 in
881 1689 994 1754 eodem
1025 1694 1181 1767 contenta,
1213 1695 1311 1771 prout
1341 1691 1383 1756 de
1407 1693 1499 1758 uerbo

203 1801 399 1865 adverbum
422 1801 454 1863 iu
476 1800 612 1882 singulis
636 1801 703 1866 suis
725 1802 861 1883 punctis,
894 1801 1046 1866 clausulis
1070 1807 1103 1867 et
1125 1802 1270 1867 articulis
1296 1811 1501 1886 expressatur

203 1914 361 1993 superius,
392 1932 536 1978 necnon
558 1915 752 1995 generaliter
781 1914 887 1979 omnia
910 1920 943 1979 et
965 1915 1092 1996 singula
1113 1915 1294 1996 priuilegia,
1328 1915 1500 1994 libertates,

203 2025 394 2090 emunitates
417 2031 449 2090 et
471 2027 595 2107 gracias
617 2046 638 2089 a
659 2027 745 2097 clare
775 2029 928 2092 memorie
952 2028 1193 2111 quibuscunque
1219 2029 1500 2109 predecessoribus

203 2138 331 2216 nostris,
362 2143 427 2201 tam
457 2138 585 2219 regibus
617 2158 712 2222 quam
742 2140 876 2205 ducibus
899 2140 1030 2204 Boemie
1062 2157 1231 2206 concessas
1257 2158 1316 2205 seu
1341 2159 1497 2219 concessa,

203 2248 343 2313 indultas
359 2268 416 2314 seu
433 2250 564 2329 indulta,
589 2251 655 2316 acsi
678 2270 788 2317 eorum
802 2259 932 2318 tenores
957 2253 990 2316 in
1013 2253 1150 2333 singulis
1166 2253 1234 2317 suis
1256 2253 1398 2335 punctis,
1421 2254 1499 2321 olan·

203 2361 283 2425 sulis
306 2367 339 2426 et
361 2362 504 2426 articulis
527 2364 567 2427 de
590 2365 688 2429 uerbo
712 2365 752 2429 ad
775 2365 909 2430 uerbum
931 2366 1134 2446 presentibus
1157 2364 1285 2446 plenius
1300 2366 1418 2432 inserti
1433 2385 1499 2432 con·

204 2474 355 2539 sisterent
377 2493 434 2539 seu
457 2475 497 2540 de
520 2476 641 2539 eisdem
665 2477 814 2542 distincte
830 2476 922 2542 fieret
936 2478 1060 2543 mencio
1081 2477 1240 2559 specialis,
1266 2477 1497 2555 innouauimns,

203 2588 460 2668 approbamus,
491 2587 729 2669 ratificauimus,
754 2589 1022 2669 confirmauimus,
1054 2591 1254 2667 innouamus,
1279 2591 1498 2672 approbamus,
1531 2576 1533 2655 ζ

203 2701 397 2766 ratificamus
427 2686 460 2764 et
490 2702 648 2782 presentis
679 2703 789 2783 scripti
819 2703 995 2784 patrocinio
1027 2703 1066 2767 de
1098 2707 1185 2767 certa
1219 2707 1330 2766 nostra
1361 2703 1494 2769 sciencia

202 2816 392 2879 arroteritate
415 2814 504 2894 regia
526 2814 657 2879 Boemie
680 2816 858 2896 graciosius
890 2815 1121 2893 confirmamus,
1153 2814 1364 2880 decernentes
1392 2816 1496 2881 eadem

202 2928 346 2992 obtinere
376 2926 500 2991 roboris
531 2926 723 2994 firmitatem.
768 2928 973 2993 Presencium
997 2929 1055 2992 sub
1079 2928 1168 3009 regie
1190 2932 1300 2992 nostre
1323 2927 1497 2993 maiestatis

203 3040 309 3121 sigillo
331 3040 516 3104 testimonio
539 3039 727 3106 litterarum.
751 3041 868 3104 Datum
888 3040 990 3121 Pragc
1006 3059 1088 3104 anno
1105 3040 1225 3104 domini
1241 3039 1418 3106 millesimo
1439 3048 1496 3104 trc-

202 3153 375 3216 ceutesimo
392 3153 605 3232 octoagesimo
629 3153 749 3234 quinto,
773 3153 824 3217 die
848 3153 1001 3217 vicesima
1023 3159 1137 3235 quarta
1151 3151 1309 3231 ianuarii,
1333 3170 1494 3234 regnorum

202 3271 384 3329 nostrorum
407 3283 504 3345 reguo
524 3264 655 3328 Boemie
677 3265 846 3330 vicessimo
870 3266 1019 3343 secundo,
1043 3266 1259 3329 Romanorum
1274 3284 1351 3330 vero
1369 3265 1496 3330 decimo:

304 3431 353 3493 Ad
377 3430 560 3493 mandatum
583 3429 703 3493 domini
726 3430 811 3509 rogis

938 3540 1123 3607 Wlaclmioo
1146 3542 1185 3605 de
1208 3540 1453 3606 Weitenmuele

306 3757 377 3826 Orig.
396 3757 535 3810 varcbiru
552 3774 587 3811 m.
600 3757 689 3824 Prabp
706 3757 720 3809 I
738 3760 760 3810 d.
775 3763 815 3810 lb.
834 3757 851 3808 S
865 3759 955 3823 pedeti
972 3755 1147 3810 zocbovauou
1167 3753 1251 3807 avialr
1273 3756 1416 3808 utrieuou.
1432 3747 1485 3806 llrtl

201 3853 303 3907 l'aiclus
321 3853 379 3907 sedi
397 3861 427 3906 tu
445 3869 481 3905 na
497 3853 577 3905 trdnd
597 3852 770 3906 krolovslrem
789 3868 802 3905 s
822 3850 947 3918 odznaky
965 3849 1147 3917 ddstoJenstvi
1165 3850 1352 3904 krtlovskeho
1370 3848 1484 3904 trulum

202 3949 272 4015 nraje
290 3964 326 4017 po
346 3950 436 4002 strand
455 3949 538 4001 trbnu
557 3948 645 4015 znalry
663 3946 754 4014 ilisky'
773 3963 789 3999 a
808 3929 896 4014 Ceskp‘⁷
921 3963 937 4000 a
965 3945 1066 4000 doliola
1091 3946 1184 4014 sepis:
1204 3948 1237 4012 „†
1255 3946 1433 3999 wenceslaus
1450 3936 1482 3992 dei

202 4043 291 4107 gracia
308 4043 491 4098 Romanorum
516 4059 565 4096 rex
584 4058 691 4111 semper
715 4049 849 4109 augustus
869 4048 896 4095 et
914 4042 1024 4095 Boemie
1051 4043 1123 4094 rex.“
1161 4041 1330 4108 Kontrasigil
1351 4035 1481 4094 dvouhlut

203 4135 292 4205 orbos,
310 4141 400 4205 majici
418 4156 453 4192 nu
471 4154 555 4206 prsou
575 4137 657 4190 stitek
678 4120 820 4204 sdeskpm
838 4137 922 4204 lvem3
941 4137 1009 4190 voslr
1023 4136 1146 4203 servent.
1166 4119 1254 4202 (lesky'
1269 4134 1388 4203 pieklad
1405 4133 1478 4189 tolotss

203 4236 341 4296 potvrzeni
355 4234 501 4301 nrajestritu
515 4249 566 4297 ,nn
580 4233 663 4300 bratny
675 4232 787 4284 llorslni
806 4247 822 4284 a
837 4232 987 4284 Poinoskn‘*
1001 4230 1096 4284 nulezat
1115 4246 1144 4284 se
1163 4230 1323 4298 vrnlropise
1337 4230 1396 4285 XV.
1408 4220 1479 4284 soleti

205 4324 306 4385 „Prtva
317 4328 449 4381 rozlidnt“
461 4346 496 4382 ne
508 4330 574 4382 listu
585 4335 616 4380 dl
631 4345 646 4377 v
656 4327 798 4380 bibliotece
811 4326 935 4395 kapitoly
943 4325 1137 4394 Vyiehradske
1152 4341 1168 4378 a
1177 4325 1235 4393 jiny'
1246 4325 1374 4393 ,vejklad
1383 4321 1478 4379 cellon

202 4419 304 4474 firmaci
318 4421 443 4489 jazykem
457 4408 588 4493 Codrum*
610 4423 705 4476 uulezai
724 4439 752 4476 se
771 4440 786 4474 v
799 4423 878 4476 knize
892 4422 1025 4490 privilegii
1038 4420 1274 4488 Staromdstslrich
1294 4424 1317 4475 b.
1332 4429 1382 4476 ‘202
1400 4410 1479 4475 stt-1⁴⁶

202 4533 217 4565 v
235 4516 347 4570 archivo
364 4518 452 4570 mesto
468 4519 564 4587 Prahy.
585 4547 617 4554 -
636 4518 697 4570 List
721 4524 796 4571 tento
816 4516 958 4586 potvrdili:
977 4515 1131 4570 l'erdinand
1150 4516 1170 4568 I.
1189 4531 1224 4567 na
1248 4514 1335 4570 hrade
1353 4510 1483 4571 prorsum
