<?xml version="1.0" encoding="UTF-8"?>
<!DOCTYPE html PUBLIC "-//W3C//DTD XHTML 1.0 Transitional//EN"
    "http://www.w3.org/TR/xhtml1/DTD/xhtml1-transitional.dtd">
<html xmlns="http://www.w3.org/1999/xhtml" xml:lang="en" lang="en">
 <head>
  <title>
</title>
<meta http-equiv="Content-Type" content="text/html;charset=utf-8" />
  <meta name='ocr-system' content='tesseract 3.04.00' />
  <meta name='ocr-capabilities' content='ocr_page ocr_carea ocr_par ocr_line ocrx_word'/>
</head>
<body>
  <div class='ocr_page' id='page_1' title='image "./sbrkapramenprva00kingoog_0332.png"; bbox 0 0 3068 5160; ppageno 0'>
   <div class='ocr_carea' id='block_1_1' title="bbox 165 355 850 420">
    <p class='ocr_par' dir='ltr' id='par_1_1' title="bbox 165 355 850 420">
     <span class='ocr_line' id='line_1_1' title="bbox 165 355 850 420; baseline -0.003 -16"><span class='ocrx_word' id='word_1_1' title='bbox 165 357 224 420; x_wconf 78' lang='lat'>152</span> <span class='ocrx_word' id='word_1_2' title='bbox 776 355 850 403; x_wconf 79' lang='lat' dir='ltr'>rara.</span> 
     </span>
    </p>
   </div>
   <div class='ocr_carea' id='block_1_2' title="bbox 163 555 1506 4461">
    <p class='ocr_par' dir='ltr' id='par_1_2' title="bbox 163 555 1506 4461">
     <span class='ocr_line' id='line_1_2' title="bbox 163 555 1467 646; baseline -0.005 -19"><span class='ocrx_word' id='word_1_3' title='bbox 163 563 249 646; x_wconf 90' lang='lat' dir='ltr'>quod</span> <span class='ocrx_word' id='word_1_4' title='bbox 272 562 436 643; x_wconf 85' lang='lat' dir='ltr'>cupientes</span> <span class='ocrx_word' id='word_1_5' title='bbox 460 559 678 625; x_wconf 89' lang='lat' dir='ltr'>condicionem</span> <span class='ocrx_word' id='word_1_6' title='bbox 701 557 836 622; x_wconf 83' lang='lat' dir='ltr'>Minoris</span> <span class='ocrx_word' id='word_1_7' title='bbox 865 562 974 621; x_wconf 90' lang='lat' dir='ltr'>nostre</span> <span class='ocrx_word' id='word_1_8' title='bbox 999 555 1143 621; x_wconf 86' lang='lat' dir='ltr'>ciuitatis</span> <span class='ocrx_word' id='word_1_9' title='bbox 1164 555 1344 637; x_wconf 83' lang='lat' dir='ltr'>Progensis</span> <span class='ocrx_word' id='word_1_10' title='bbox 1366 555 1467 622; x_wconf 84' lang='lat' dir='ltr'>facere</span> 
     </span>
     <span class='ocr_line' id='line_1_3' title="bbox 165 667 1506 739; baseline -0.006 0"><span class='ocrx_word' id='word_1_11' title='bbox 165 674 332 739; x_wconf 90' lang='lat' dir='ltr'>meliorem</span> <span class='ocrx_word' id='word_1_12' title='bbox 355 679 388 737; x_wconf 90' lang='lat' dir='ltr'>et</span> <span class='ocrx_word' id='word_1_13' title='bbox 409 678 443 737; x_wconf 86' lang='lat' dir='ltr'>vt</span> <span class='ocrx_word' id='word_1_14' title='bbox 465 673 552 736; x_wconf 91' lang='lat' dir='ltr'>ciues</span> <span class='ocrx_word' id='word_1_15' title='bbox 575 678 608 736; x_wconf 88' lang='lat' dir='ltr'>et</span> <span class='ocrx_word' id='word_1_16' title='bbox 638 669 741 735; x_wconf 84' lang='lat' dir='ltr'>incole</span> <span class='ocrx_word' id='word_1_17' title='bbox 763 669 903 734; x_wconf 89' lang='lat' dir='ltr'>ciuitatis</span> <span class='ocrx_word' id='word_1_18' title='bbox 925 669 1070 734; x_wconf 91' lang='lat' dir='ltr'>eiusdem</span> <span class='ocrx_word' id='word_1_19' title='bbox 1093 667 1134 733; x_wconf 90' lang='lat' dir='ltr'>ad</span> <span class='ocrx_word' id='word_1_20' title='bbox 1156 672 1268 733; x_wconf 88' lang='lat' dir='ltr'>nostre</span> <span class='ocrx_word' id='word_1_21' title='bbox 1291 669 1467 734; x_wconf 91' lang='lat' dir='ltr'>maiestatis</span> <span class='ocrx_word' id='word_1_22' title='bbox 1504 686 1506 691; x_wconf 89' lang='lat'>·</span> 
     </span>
     <span class='ocr_line' id='line_1_4' title="bbox 164 780 1465 871; baseline -0.005 -20"><span class='ocrx_word' id='word_1_23' title='bbox 164 788 278 871; x_wconf 90' lang='lat' dir='ltr'>queuis</span> <span class='ocrx_word' id='word_1_24' title='bbox 302 786 455 868; x_wconf 88' lang='lat' dir='ltr'>obsequia</span> <span class='ocrx_word' id='word_1_25' title='bbox 474 783 650 849; x_wconf 84' lang='lat' dir='ltr'>studiosius</span> <span class='ocrx_word' id='word_1_26' title='bbox 669 781 851 864; x_wconf 79' lang='lat' dir='ltr'>peragenda</span> <span class='ocrx_word' id='word_1_27' title='bbox 866 799 904 845; x_wconf 93' lang='lat' dir='ltr'>eo</span> <span class='ocrx_word' id='word_1_28' title='bbox 919 780 1103 847; x_wconf 87' lang='lat' dir='ltr'>feruencius</span> <span class='ocrx_word' id='word_1_29' title='bbox 1125 780 1324 862; x_wconf 79' lang='lat' dir='ltr'><strong>animentur,</strong></span> <span class='ocrx_word' id='word_1_30' title='bbox 1349 800 1412 864; x_wconf 91' lang='lat' dir='ltr'>quo</span> <span class='ocrx_word' id='word_1_31' title='bbox 1434 801 1465 845; x_wconf 87' lang='lat' dir='ltr'>se</span> 
     </span>
     <span class='ocr_line' id='line_1_5' title="bbox 164 893 1465 977; baseline -0.005 -13"><span class='ocrx_word' id='word_1_32' title='bbox 164 897 427 965; x_wconf 84' lang='lat' dir='ltr'>emuniticencia</span> <span class='ocrx_word' id='word_1_33' title='bbox 456 897 545 977; x_wconf 85' lang='lat' dir='ltr'>regie</span> <span class='ocrx_word' id='word_1_34' title='bbox 575 893 776 960; x_wconf 80' lang='lat' dir='ltr'>liberalitatis</span> <span class='ocrx_word' id='word_1_35' title='bbox 807 893 968 958; x_wconf 87' lang='lat' dir='ltr'>senserint</span> <span class='ocrx_word' id='word_1_36' title='bbox 996 893 1128 959; x_wconf 84' lang='lat' dir='ltr'>vberius</span> <span class='ocrx_word' id='word_1_37' title='bbox 1159 893 1366 976; x_wconf 83' lang='lat' dir='ltr'>consolatos3</span> <span class='ocrx_word' id='word_1_38' title='bbox 1399 895 1465 959; x_wconf 91' lang='lat' dir='ltr'>hinc</span> 
     </span>
     <span class='ocr_line' id='line_1_6' title="bbox 165 1005 1465 1094; baseline -0.005 -16"><span class='ocrx_word' id='word_1_39' title='bbox 165 1019 224 1091; x_wconf 83' lang='lat' dir='ltr'>est,</span> <span class='ocrx_word' id='word_1_40' title='bbox 256 1011 341 1094; x_wconf 93' lang='lat' dir='ltr'>quod</span> <span class='ocrx_word' id='word_1_41' title='bbox 370 1010 410 1073; x_wconf 93' lang='lat' dir='ltr'>de</span> <span class='ocrx_word' id='word_1_42' title='bbox 433 1007 631 1074; x_wconf 88' lang='lat' dir='ltr'>serenissimi</span> <span class='ocrx_word' id='word_1_43' title='bbox 660 1006 814 1088; x_wconf 88' lang='lat' dir='ltr'>principis</span> <span class='ocrx_word' id='word_1_44' title='bbox 844 1011 878 1070; x_wconf 88' lang='lat' dir='ltr'>et</span> <span class='ocrx_word' id='word_1_45' title='bbox 906 1005 1039 1085; x_wconf 87' lang='lat' dir='ltr'>domini,</span> <span class='ocrx_word' id='word_1_46' title='bbox 1062 1005 1183 1071; x_wconf 91' lang='lat' dir='ltr'>domini</span> <span class='ocrx_word' id='word_1_47' title='bbox 1206 1005 1324 1071; x_wconf 88' lang='lat' dir='ltr'>Karoli</span> <span class='ocrx_word' id='word_1_48' title='bbox 1354 1007 1465 1089; x_wconf 78' lang='lat' dir='ltr'>quarti,</span> 
     </span>
     <span class='ocr_line' id='line_1_7' title="bbox 164 1117 1466 1203; baseline -0.005 -13"><span class='ocrx_word' id='word_1_49' title='bbox 164 1127 379 1190; x_wconf 87' lang='lat' dir='ltr'>Romanorum</span> <span class='ocrx_word' id='word_1_50' title='bbox 402 1120 604 1203; x_wconf 90' lang='lat' dir='ltr'>imperatoris</span> <span class='ocrx_word' id='word_1_51' title='bbox 627 1138 752 1200; x_wconf 88' lang='lat' dir='ltr'>semper</span> <span class='ocrx_word' id='word_1_52' title='bbox 773 1118 902 1200; x_wconf 83' lang='lat' dir='ltr'>augusti</span> <span class='ocrx_word' id='word_1_53' title='bbox 924 1122 958 1184; x_wconf 91' lang='lat' dir='ltr'>et</span> <span class='ocrx_word' id='word_1_54' title='bbox 974 1117 1108 1183; x_wconf 90' lang='lat' dir='ltr'>Boemie</span> <span class='ocrx_word' id='word_1_55' title='bbox 1130 1119 1228 1200; x_wconf 81' lang='lat' dir='ltr'>regis,</span> <span class='ocrx_word' id='word_1_56' title='bbox 1252 1118 1394 1184; x_wconf 86' lang='lat' dir='ltr'>illustris</span> <span class='ocrx_word' id='word_1_57' title='bbox 1416 1119 1466 1183; x_wconf 90' lang='lat' dir='ltr'>dc·</span> 
     </span>
     <span class='ocr_line' id='line_1_8' title="bbox 167 1221 1466 1317; baseline -0.006 -14"><span class='ocrx_word' id='word_1_58' title='bbox 167 1238 245 1304; x_wconf 93' lang='lat' dir='ltr'>mini</span> <span class='ocrx_word' id='word_1_59' title='bbox 269 1243 302 1301; x_wconf 89' lang='lat' dir='ltr'>et</span> <span class='ocrx_word' id='word_1_60' title='bbox 323 1233 479 1317; x_wconf 81' lang='lat' dir='ltr'>genitoris</span> <span class='ocrx_word' id='word_1_61' title='bbox 509 1233 612 1298; x_wconf 88' lang='lat' dir='ltr'>nostri</span> <span class='ocrx_word' id='word_1_62' title='bbox 637 1231 854 1315; x_wconf 89' lang='lat' dir='ltr'>precarissimi</span> <span class='ocrx_word' id='word_1_63' title='bbox 884 1231 1017 1313; x_wconf 91' lang='lat' dir='ltr'>speciali</span> <span class='ocrx_word' id='word_1_64' title='bbox 1047 1221 1208 1311; x_wconf 82' lang='lat' dir='ltr'>mandato,</span> <span class='ocrx_word' id='word_1_65' title='bbox 1240 1231 1335 1314; x_wconf 85' lang='lat' dir='ltr'>regia</span> <span class='ocrx_word' id='word_1_66' title='bbox 1365 1237 1466 1297; x_wconf 79' lang='lat' dir='ltr'>aucto</span> 
     </span>
     <span class='ocr_line' id='line_1_9' title="bbox 167 1340 1465 1425; baseline -0.005 -10"><span class='ocrx_word' id='word_1_67' title='bbox 167 1353 263 1415; x_wconf 81' lang='lat' dir='ltr'>ritate</span> <span class='ocrx_word' id='word_1_68' title='bbox 286 1349 416 1413; x_wconf 90' lang='lat' dir='ltr'>Boemie</span> <span class='ocrx_word' id='word_1_69' title='bbox 447 1351 480 1410; x_wconf 87' lang='lat' dir='ltr'>et</span> <span class='ocrx_word' id='word_1_70' title='bbox 502 1350 610 1409; x_wconf 90' lang='lat' dir='ltr'>nostre</span> <span class='ocrx_word' id='word_1_71' title='bbox 641 1344 840 1409; x_wconf 84' lang='lat' dir='ltr'>celsitudinis</span> <span class='ocrx_word' id='word_1_72' title='bbox 869 1344 978 1425; x_wconf 84' lang='lat' dir='ltr'>gracia</span> <span class='ocrx_word' id='word_1_73' title='bbox 1007 1343 1166 1425; x_wconf 77' lang='lat' dir='ltr'>singulari</span> <span class='ocrx_word' id='word_1_74' title='bbox 1196 1343 1327 1409; x_wconf 90' lang='lat' dir='ltr'>ciuibus</span> <span class='ocrx_word' id='word_1_75' title='bbox 1350 1340 1385 1410; x_wconf 82' lang='lat' dir='ltr'>et&#39;</span> <span class='ocrx_word' id='word_1_76' title='bbox 1404 1345 1465 1409; x_wconf 85' lang='lat' dir='ltr'>vni-</span> 
     </span>
     <span class='ocr_line' id='line_1_10' title="bbox 168 1456 1466 1540; baseline -0.006 -13"><span class='ocrx_word' id='word_1_77' title='bbox 168 1461 315 1528; x_wconf 90' lang='lat' dir='ltr'>uersitati</span> <span class='ocrx_word' id='word_1_78' title='bbox 338 1460 421 1524; x_wconf 90' lang='lat' dir='ltr'>dicte</span> <span class='ocrx_word' id='word_1_79' title='bbox 444 1457 579 1522; x_wconf 87' lang='lat' dir='ltr'>Minoris</span> <span class='ocrx_word' id='word_1_80' title='bbox 603 1457 744 1522; x_wconf 86' lang='lat' dir='ltr'>ciuitatis</span> <span class='ocrx_word' id='word_1_81' title='bbox 775 1459 956 1540; x_wconf 75' lang='lat' dir='ltr'>Pragensis</span> <span class='ocrx_word' id='word_1_82' title='bbox 987 1457 1192 1539; x_wconf 86' lang='lat' dir='ltr'>presentibus</span> <span class='ocrx_word' id='word_1_83' title='bbox 1222 1462 1258 1540; x_wconf 82' lang='lat' dir='ltr'>et</span> <span class='ocrx_word' id='word_1_84' title='bbox 1287 1456 1466 1537; x_wconf 85' lang='lat' dir='ltr'>futuris‚in</span> 
     </span>
     <span class='ocr_line' id='line_1_11' title="bbox 167 1568 1467 1657; baseline -0.006 -18"><span class='ocrx_word' id='word_1_85' title='bbox 167 1579 357 1657; x_wconf 88' lang='lat' dir='ltr'>perpetuum</span> <span class='ocrx_word' id='word_1_86' title='bbox 381 1569 595 1637; x_wconf 86' lang='lat' dir='ltr'>concessimus</span> <span class='ocrx_word' id='word_1_87' title='bbox 618 1574 651 1633; x_wconf 90' lang='lat' dir='ltr'>et</span> <span class='ocrx_word' id='word_1_88' title='bbox 672 1569 874 1650; x_wconf 88' lang='lat' dir='ltr'>presentibus</span> <span class='ocrx_word' id='word_1_89' title='bbox 897 1570 1100 1635; x_wconf 90' lang='lat' dir='ltr'>concedimus</span> <span class='ocrx_word' id='word_1_90' title='bbox 1123 1568 1282 1651; x_wconf 78' lang='lat' dir='ltr'>graciose,</span> <span class='ocrx_word' id='word_1_91' title='bbox 1310 1568 1399 1653; x_wconf 91' lang='lat' dir='ltr'>quod</span> <span class='ocrx_word' id='word_1_92' title='bbox 1419 1588 1467 1634; x_wconf 85' lang='lat' dir='ltr'>on·</span> 
     </span>
     <span class='ocr_line' id='line_1_12' title="bbox 168 1679 1468 1767; baseline -0.006 -15"><span class='ocrx_word' id='word_1_93' title='bbox 168 1706 253 1752; x_wconf 90' lang='lat' dir='ltr'>nunc</span> <span class='ocrx_word' id='word_1_94' title='bbox 275 1685 405 1749; x_wconf 84' lang='lat' dir='ltr'>inantea</span> <span class='ocrx_word' id='word_1_95' title='bbox 426 1681 562 1767; x_wconf 88' lang='lat' dir='ltr'>quilibet</span> <span class='ocrx_word' id='word_1_96' title='bbox 583 1698 640 1745; x_wconf 92' lang='lat' dir='ltr'>seu</span> <span class='ocrx_word' id='word_1_97' title='bbox 663 1679 807 1762; x_wconf 89' lang='lat' dir='ltr'>quolibet</span> <span class='ocrx_word' id='word_1_98' title='bbox 822 1680 912 1760; x_wconf 77' lang='lat' dir='ltr'>ciuis,</span> <span class='ocrx_word' id='word_1_99' title='bbox 936 1681 1105 1747; x_wconf 80' lang='lat' dir='ltr'>masculini</span> <span class='ocrx_word' id='word_1_100' title='bbox 1128 1681 1181 1746; x_wconf 94' lang='lat' dir='ltr'>uel</span> <span class='ocrx_word' id='word_1_101' title='bbox 1200 1679 1352 1747; x_wconf 82' lang='lat' dir='ltr'>feminini</span> <span class='ocrx_word' id='word_1_102' title='bbox 1368 1699 1468 1757; x_wconf 81' lang='lat' dir='ltr'>sexus,</span> 
     </span>
     <span class='ocr_line' id='line_1_13' title="bbox 170 1792 1469 1876; baseline -0.003 -13"><span class='ocrx_word' id='word_1_103' title='bbox 170 1798 276 1863; x_wconf 90' lang='lat' dir='ltr'>omnia</span> <span class='ocrx_word' id='word_1_104' title='bbox 290 1798 374 1862; x_wconf 90' lang='lat' dir='ltr'>bona</span> <span class='ocrx_word' id='word_1_105' title='bbox 388 1815 447 1860; x_wconf 88' lang='lat' dir='ltr'>sua</span> <span class='ocrx_word' id='word_1_106' title='bbox 462 1792 593 1859; x_wconf 91' lang='lat' dir='ltr'>mobilia</span> <span class='ocrx_word' id='word_1_107' title='bbox 606 1798 641 1857; x_wconf 89' lang='lat' dir='ltr'>et</span> <span class='ocrx_word' id='word_1_108' title='bbox 655 1792 840 1872; x_wconf 70' lang='lat' dir='ltr'>immobilia</span> <span class='ocrx_word' id='word_1_109' title='bbox 863 1793 896 1857; x_wconf 94' lang='lat' dir='ltr'>in</span> <span class='ocrx_word' id='word_1_110' title='bbox 912 1793 1156 1876; x_wconf 88' lang='lat' dir='ltr'>quibuscunque</span> <span class='ocrx_word' id='word_1_111' title='bbox 1170 1793 1270 1859; x_wconf 91' lang='lat' dir='ltr'>rebus</span> <span class='ocrx_word' id='word_1_112' title='bbox 1285 1794 1469 1871; x_wconf 77' lang='lat' dir='ltr'>consistant</span> 
     </span>
     <span class='ocr_line' id='line_1_14' title="bbox 171 1904 1468 1992; baseline -0.003 -16"><span class='ocrx_word' id='word_1_113' title='bbox 171 1913 239 1976; x_wconf 88' lang='lat' dir='ltr'>sinc</span> <span class='ocrx_word' id='word_1_114' title='bbox 262 1908 406 1992; x_wconf 89' lang='lat' dir='ltr'>quolibet</span> <span class='ocrx_word' id='word_1_115' title='bbox 430 1906 656 1988; x_wconf 90' lang='lat' dir='ltr'>impedimento</span> <span class='ocrx_word' id='word_1_116' title='bbox 686 1904 805 1970; x_wconf 90' lang='lat' dir='ltr'>donare</span> <span class='ocrx_word' id='word_1_117' title='bbox 826 1905 930 1986; x_wconf 92' lang='lat' dir='ltr'>possit</span> <span class='ocrx_word' id='word_1_118' title='bbox 959 1905 1137 1988; x_wconf 91' lang='lat' dir='ltr'>cuicunque</span> <span class='ocrx_word' id='word_1_119' title='bbox 1163 1905 1287 1988; x_wconf 88' lang='lat' dir='ltr'>pariter</span> <span class='ocrx_word' id='word_1_120' title='bbox 1310 1913 1345 1972; x_wconf 93' lang='lat' dir='ltr'>et</span> <span class='ocrx_word' id='word_1_121' title='bbox 1367 1907 1468 1989; x_wconf 84' lang='lat' dir='ltr'>legare</span> 
     </span>
     <span class='ocr_line' id='line_1_15' title="bbox 171 2017 1469 2101; baseline -0.002 -14"><span class='ocrx_word' id='word_1_122' title='bbox 171 2024 259 2087; x_wconf 86' lang='lat' dir='ltr'>iuxta</span> <span class='ocrx_word' id='word_1_123' title='bbox 275 2040 399 2086; x_wconf 90' lang='lat' dir='ltr'>omnem</span> <span class='ocrx_word' id='word_1_124' title='bbox 415 2020 548 2084; x_wconf 81' lang='lat' dir='ltr'>tonnam</span> <span class='ocrx_word' id='word_1_125' title='bbox 565 2025 598 2084; x_wconf 88' lang='lat' dir='ltr'>et</span> <span class='ocrx_word' id='word_1_126' title='bbox 612 2017 683 2082; x_wconf 89' lang='lat' dir='ltr'>iura</span> <span class='ocrx_word' id='word_1_127' title='bbox 698 2017 839 2082; x_wconf 87' lang='lat' dir='ltr'>ciuitatis</span> <span class='ocrx_word' id='word_1_128' title='bbox 854 2017 1008 2098; x_wconf 87' lang='lat' dir='ltr'>eiusdem,</span> <span class='ocrx_word' id='word_1_129' title='bbox 1027 2018 1203 2083; x_wconf 88' lang='lat' dir='ltr'>secundum</span> <span class='ocrx_word' id='word_1_130' title='bbox 1222 2019 1313 2101; x_wconf 94' lang='lat' dir='ltr'>quod</span> <span class='ocrx_word' id='word_1_131' title='bbox 1332 2020 1469 2101; x_wconf 86' lang='lat' dir='ltr'>ipsorum</span> 
     </span>
     <span class='ocr_line' id='line_1_16' title="bbox 171 2130 1470 2218; baseline -0.002 -20"><span class='ocrx_word' id='word_1_132' title='bbox 171 2135 328 2218; x_wconf 88' lang='lat' dir='ltr'>placuerit</span> <span class='ocrx_word' id='word_1_133' title='bbox 343 2132 509 2197; x_wconf 88' lang='lat' dir='ltr'>voluntati.</span> <span class='ocrx_word' id='word_1_134' title='bbox 524 2131 562 2196; x_wconf 93' lang='lat' dir='ltr'>ln</span> <span class='ocrx_word' id='word_1_135' title='bbox 574 2147 650 2194; x_wconf 89' lang='lat' dir='ltr'>casu</span> <span class='ocrx_word' id='word_1_136' title='bbox 665 2135 781 2208; x_wconf 82' lang='lat' dir='ltr'>autem,</span> <span class='ocrx_word' id='word_1_137' title='bbox 795 2130 1052 2213; x_wconf 89' lang='lat' dir='ltr'>quociescunque</span> <span class='ocrx_word' id='word_1_138' title='bbox 1064 2137 1097 2196; x_wconf 92' lang='lat' dir='ltr'>et</span> <span class='ocrx_word' id='word_1_139' title='bbox 1109 2131 1369 2215; x_wconf 86' lang='lat' dir='ltr'>quandocunque</span> <span class='ocrx_word' id='word_1_140' title='bbox 1379 2151 1470 2196; x_wconf 82' lang='lat' dir='ltr'>vnum</span> 
     </span>
     <span class='ocr_line' id='line_1_17' title="bbox 172 2242 1471 2329; baseline -0.004 -17"><span class='ocrx_word' id='word_1_141' title='bbox 172 2248 223 2312; x_wconf 91' lang='lat' dir='ltr'>uel</span> <span class='ocrx_word' id='word_1_142' title='bbox 248 2247 367 2329; x_wconf 75' lang='lat' dir='ltr'>plures</span> <span class='ocrx_word' id='word_1_143' title='bbox 398 2245 500 2310; x_wconf 87' lang='lat' dir='ltr'>ciuem</span> <span class='ocrx_word' id='word_1_144' title='bbox 523 2242 575 2307; x_wconf 92' lang='lat' dir='ltr'>uel</span> <span class='ocrx_word' id='word_1_145' title='bbox 603 2244 690 2307; x_wconf 87' lang='lat' dir='ltr'>ciues</span> <span class='ocrx_word' id='word_1_146' title='bbox 721 2243 805 2307; x_wconf 90' lang='lat' dir='ltr'>dicte</span> <span class='ocrx_word' id='word_1_147' title='bbox 828 2243 963 2309; x_wconf 87' lang='lat' dir='ltr'>Minoris</span> <span class='ocrx_word' id='word_1_148' title='bbox 994 2244 1134 2310; x_wconf 85' lang='lat' dir='ltr'>ciuitatis</span> <span class='ocrx_word' id='word_1_149' title='bbox 1156 2244 1333 2326; x_wconf 81' lang='lat' dir='ltr'>Pragensis</span> <span class='ocrx_word' id='word_1_150' title='bbox 1355 2244 1471 2326; x_wconf 89' lang='lat' dir='ltr'>absque</span> 
     </span>
     <span class='ocr_line' id='line_1_18' title="bbox 173 2356 1472 2441; baseline -0.001 -18"><span class='ocrx_word' id='word_1_151' title='bbox 173 2361 339 2441; x_wconf 73' lang='lat' dir='ltr'>legittimis</span> <span class='ocrx_word' id='word_1_152' title='bbox 358 2358 523 2439; x_wconf 83' lang='lat' dir='ltr'>utriusque</span> <span class='ocrx_word' id='word_1_153' title='bbox 542 2374 636 2421; x_wconf 84' lang='lat' dir='ltr'>senus</span> <span class='ocrx_word' id='word_1_154' title='bbox 655 2356 826 2421; x_wconf 88' lang='lat' dir='ltr'>heredibus</span> <span class='ocrx_word' id='word_1_155' title='bbox 846 2357 1011 2438; x_wconf 84' lang='lat' dir='ltr'>continget</span> <span class='ocrx_word' id='word_1_156' title='bbox 1028 2357 1109 2422; x_wconf 93' lang='lat' dir='ltr'>mori</span> <span class='ocrx_word' id='word_1_157' title='bbox 1131 2375 1190 2422; x_wconf 91' lang='lat' dir='ltr'>seu</span> <span class='ocrx_word' id='word_1_158' title='bbox 1213 2357 1373 2424; x_wconf 84' lang='lat' dir='ltr'>decedere</span> <span class='ocrx_word' id='word_1_159' title='bbox 1396 2358 1472 2423; x_wconf 79' lang='lat' dir='ltr'>inte</span> 
     </span>
     <span class='ocr_line' id='line_1_19' title="bbox 174 2468 1473 2559; baseline -0.001 -23"><span class='ocrx_word' id='word_1_160' title='bbox 174 2480 291 2537; x_wconf 85' lang='lat' dir='ltr'>statum</span> <span class='ocrx_word' id='word_1_161' title='bbox 314 2478 369 2537; x_wconf 87' lang='lat' dir='ltr'>aut</span> <span class='ocrx_word' id='word_1_162' title='bbox 390 2471 492 2535; x_wconf 89' lang='lat' dir='ltr'>eciam</span> <span class='ocrx_word' id='word_1_163' title='bbox 515 2470 692 2546; x_wconf 82' lang='lat' dir='ltr'>intestatos,</span> <span class='ocrx_word' id='word_1_164' title='bbox 716 2468 864 2534; x_wconf 90' lang='lat' dir='ltr'>vniuerse</span> <span class='ocrx_word' id='word_1_165' title='bbox 887 2475 920 2533; x_wconf 88' lang='lat' dir='ltr'>et</span> <span class='ocrx_word' id='word_1_166' title='bbox 942 2469 1069 2551; x_wconf 86' lang='lat' dir='ltr'>singule</span> <span class='ocrx_word' id='word_1_167' title='bbox 1090 2469 1328 2559; x_wconf 83' lang='lat' dir='ltr'>possessiones,</span> <span class='ocrx_word' id='word_1_168' title='bbox 1351 2470 1473 2537; x_wconf 89' lang='lat' dir='ltr'>heredi·</span> 
     </span>
     <span class='ocr_line' id='line_1_20' title="bbox 173 2581 1472 2666; baseline -0.002 -19"><span class='ocrx_word' id='word_1_169' title='bbox 173 2591 266 2660; x_wconf 82' lang='lat' dir='ltr'>tates,</span> <span class='ocrx_word' id='word_1_170' title='bbox 292 2585 504 2666; x_wconf 84' lang='lat' dir='ltr'>proprietates</span> <span class='ocrx_word' id='word_1_171' title='bbox 519 2588 553 2647; x_wconf 89' lang='lat' dir='ltr'>et</span> <span class='ocrx_word' id='word_1_172' title='bbox 566 2582 651 2645; x_wconf 90' lang='lat' dir='ltr'>bona</span> <span class='ocrx_word' id='word_1_173' title='bbox 664 2581 796 2646; x_wconf 90' lang='lat' dir='ltr'>mobilia</span> <span class='ocrx_word' id='word_1_174' title='bbox 817 2587 850 2645; x_wconf 90' lang='lat' dir='ltr'>et</span> <span class='ocrx_word' id='word_1_175' title='bbox 864 2582 1051 2661; x_wconf 74' lang='lat' dir='ltr'>immobilia</span> <span class='ocrx_word' id='word_1_176' title='bbox 1076 2582 1146 2647; x_wconf 87' lang='lat' dir='ltr'>siue</span> <span class='ocrx_word' id='word_1_177' title='bbox 1161 2582 1196 2646; x_wconf 91' lang='lat' dir='ltr'>in</span> <span class='ocrx_word' id='word_1_178' title='bbox 1211 2581 1355 2662; x_wconf 85' lang='lat' dir='ltr'>allodiis,</span> <span class='ocrx_word' id='word_1_179' title='bbox 1380 2583 1472 2665; x_wconf 81' lang='lat' dir='ltr'>agris,</span> 
     </span>
     <span class='ocr_line' id='line_1_21' title="bbox 177 2694 1473 2777; baseline 0.002 -19"><span class='ocrx_word' id='word_1_180' title='bbox 177 2697 340 2774; x_wconf 76' lang='lat' dir='ltr'>censibus,</span> <span class='ocrx_word' id='word_1_181' title='bbox 375 2697 551 2760; x_wconf 81' lang='lat' dir='ltr'>redditibus</span> <span class='ocrx_word' id='word_1_182' title='bbox 585 2712 643 2758; x_wconf 90' lang='lat' dir='ltr'>seu</span> <span class='ocrx_word' id='word_1_183' title='bbox 677 2695 919 2777; x_wconf 88' lang='lat' dir='ltr'>quibuscunque</span> <span class='ocrx_word' id='word_1_184' title='bbox 948 2696 1041 2759; x_wconf 93' lang='lat' dir='ltr'>bonis</span> <span class='ocrx_word' id='word_1_185' title='bbox 1072 2694 1125 2760; x_wconf 91' lang='lat' dir='ltr'>uel</span> <span class='ocrx_word' id='word_1_186' title='bbox 1156 2695 1254 2760; x_wconf 90' lang='lat' dir='ltr'>rebus</span> <span class='ocrx_word' id='word_1_187' title='bbox 1288 2696 1473 2770; x_wconf 80' lang='lat' dir='ltr'>consistant</span> 
     </span>
     <span class='ocr_line' id='line_1_22' title="bbox 176 2800 1474 2889; baseline 0.002 -22"><span class='ocrx_word' id='word_1_188' title='bbox 176 2805 261 2868; x_wconf 91' lang='lat' dir='ltr'>intus</span> <span class='ocrx_word' id='word_1_189' title='bbox 285 2813 317 2870; x_wconf 89' lang='lat' dir='ltr'>et</span> <span class='ocrx_word' id='word_1_190' title='bbox 339 2815 428 2872; x_wconf 87' lang='lat' dir='ltr'>extra</span> <span class='ocrx_word' id='word_1_191' title='bbox 450 2809 607 2872; x_wconf 88' lang='lat' dir='ltr'>Minorem</span> <span class='ocrx_word' id='word_1_192' title='bbox 630 2808 792 2872; x_wconf 86' lang='lat' dir='ltr'>ciuitatem</span> <span class='ocrx_word' id='word_1_193' title='bbox 814 2809 1007 2888; x_wconf 83' lang='lat' dir='ltr'>Progensem</span> <span class='ocrx_word' id='word_1_194' title='bbox 1030 2808 1207 2889; x_wconf 85' lang='lat' dir='ltr'>predictam</span> <span class='ocrx_word' id='word_1_195' title='bbox 1228 2800 1288 2873; x_wconf 77' lang='lat' dir='ltr'>aut&#39;</span> <span class='ocrx_word' id='word_1_196' title='bbox 1308 2807 1387 2874; x_wconf 88' lang='lat' dir='ltr'>alibi</span> <span class='ocrx_word' id='word_1_197' title='bbox 1411 2807 1474 2874; x_wconf 86' lang='lat' dir='ltr'>vbi-</span> 
     </span>
     <span class='ocr_line' id='line_1_23' title="bbox 177 2919 1474 3003; baseline 0.002 -23"><span class='ocrx_word' id='word_1_198' title='bbox 177 2936 301 2998; x_wconf 89' lang='lat' dir='ltr'>cunque</span> <span class='ocrx_word' id='word_1_199' title='bbox 325 2921 405 2993; x_wconf 75' lang='lat' dir='ltr'>sitis,</span> <span class='ocrx_word' id='word_1_200' title='bbox 437 2922 679 3003; x_wconf 89' lang='lat' dir='ltr'>quibuscunque</span> <span class='ocrx_word' id='word_1_201' title='bbox 709 2920 811 2984; x_wconf 91' lang='lat' dir='ltr'>eciam</span> <span class='ocrx_word' id='word_1_202' title='bbox 841 2919 1035 3002; x_wconf 86' lang='lat' dir='ltr'>specialibus</span> <span class='ocrx_word' id='word_1_203' title='bbox 1064 2920 1230 2986; x_wconf 85' lang='lat' dir='ltr'>vocabulis</span> <span class='ocrx_word' id='word_1_204' title='bbox 1257 2920 1474 3003; x_wconf 81' lang='lat' dir='ltr'>designentur,</span> 
     </span>
     <span class='ocr_line' id='line_1_24' title="bbox 178 3030 1474 3115; baseline 0 -22"><span class='ocrx_word' id='word_1_205' title='bbox 178 3030 218 3094; x_wconf 88' lang='lat' dir='ltr'>ad</span> <span class='ocrx_word' id='word_1_206' title='bbox 241 3033 449 3111; x_wconf 85' lang='lat' dir='ltr'>proximiores</span> <span class='ocrx_word' id='word_1_207' title='bbox 473 3041 505 3099; x_wconf 93' lang='lat' dir='ltr'>et</span> <span class='ocrx_word' id='word_1_208' title='bbox 527 3034 772 3115; x_wconf 89' lang='lat' dir='ltr'>propinquiores</span> <span class='ocrx_word' id='word_1_209' title='bbox 795 3033 1061 3114; x_wconf 80' lang='lat' dir='ltr'>consanguineos,</span> <span class='ocrx_word' id='word_1_210' title='bbox 1091 3032 1264 3098; x_wconf 89' lang='lat' dir='ltr'>masculini</span> <span class='ocrx_word' id='word_1_211' title='bbox 1290 3032 1346 3097; x_wconf 91' lang='lat' dir='ltr'>uel</span> <span class='ocrx_word' id='word_1_212' title='bbox 1368 3032 1474 3098; x_wconf 90' lang='lat' dir='ltr'>femini</span> 
     </span>
     <span class='ocr_line' id='line_1_25' title="bbox 177 3143 1475 3226; baseline 0.001 -20"><span class='ocrx_word' id='word_1_213' title='bbox 177 3161 281 3220; x_wconf 75' lang='lat' dir='ltr'>sexus,</span> <span class='ocrx_word' id='word_1_214' title='bbox 313 3150 387 3209; x_wconf 88' lang='lat' dir='ltr'>tunc</span> <span class='ocrx_word' id='word_1_215' title='bbox 417 3147 605 3226; x_wconf 84' lang='lat' dir='ltr'>superstites</span> <span class='ocrx_word' id='word_1_216' title='bbox 632 3145 747 3226; x_wconf 92' lang='lat' dir='ltr'>quouis</span> <span class='ocrx_word' id='word_1_217' title='bbox 770 3143 997 3226; x_wconf 87' lang='lat' dir='ltr'>impedimento</span> <span class='ocrx_word' id='word_1_218' title='bbox 1024 3150 1170 3209; x_wconf 86' lang='lat' dir='ltr'>cessante</span> <span class='ocrx_word' id='word_1_219' title='bbox 1200 3145 1365 3226; x_wconf 89' lang='lat' dir='ltr'>presentis</span> <span class='ocrx_word' id='word_1_220' title='bbox 1391 3144 1475 3224; x_wconf 57' lang='lat' dir='ltr'>regie</span> 
     </span>
     <span class='ocr_line' id='line_1_26' title="bbox 178 3255 1475 3323; baseline -0.001 -3"><span class='ocrx_word' id='word_1_221' title='bbox 178 3258 394 3321; x_wconf 86' lang='lat' dir='ltr'>concessionis</span> <span class='ocrx_word' id='word_1_222' title='bbox 428 3264 535 3322; x_wconf 88' lang='lat' dir='ltr'>nostre</span> <span class='ocrx_word' id='word_1_223' title='bbox 569 3258 686 3320; x_wconf 80' lang='lat' dir='ltr'>virtute</span> <span class='ocrx_word' id='word_1_224' title='bbox 719 3255 820 3321; x_wconf 92' lang='lat' dir='ltr'>libere</span> <span class='ocrx_word' id='word_1_225' title='bbox 854 3262 888 3321; x_wconf 91' lang='lat' dir='ltr'>et</span> <span class='ocrx_word' id='word_1_226' title='bbox 916 3255 1109 3321; x_wconf 87' lang='lat' dir='ltr'>hereditarie</span> <span class='ocrx_word' id='word_1_227' title='bbox 1143 3257 1361 3323; x_wconf 89' lang='lat' dir='ltr'>deuoluentur</span> <span class='ocrx_word' id='word_1_228' title='bbox 1394 3256 1475 3322; x_wconf 92' lang='lat' dir='ltr'>omni</span> 
     </span>
     <span class='ocr_line' id='line_1_27' title="bbox 178 3367 1476 3451; baseline -0.002 -16"><span class='ocrx_word' id='word_1_229' title='bbox 178 3372 257 3447; x_wconf 80' lang='lat' dir='ltr'>iure,</span> <span class='ocrx_word' id='word_1_230' title='bbox 290 3370 446 3447; x_wconf 77' lang='lat' dir='ltr'>libertate,</span> <span class='ocrx_word' id='word_1_231' title='bbox 478 3370 571 3434; x_wconf 92' lang='lat' dir='ltr'>modo</span> <span class='ocrx_word' id='word_1_232' title='bbox 595 3375 628 3432; x_wconf 85' lang='lat' dir='ltr'>ot</span> <span class='ocrx_word' id='word_1_233' title='bbox 649 3368 760 3446; x_wconf 82' lang='lat' dir='ltr'>forma,</span> <span class='ocrx_word' id='word_1_234' title='bbox 791 3367 907 3451; x_wconf 92' lang='lat' dir='ltr'>quibus</span> <span class='ocrx_word' id='word_1_235' title='bbox 937 3368 971 3432; x_wconf 94' lang='lat' dir='ltr'>in</span> <span class='ocrx_word' id='word_1_236' title='bbox 1001 3374 1035 3433; x_wconf 88' lang='lat' dir='ltr'>et</span> <span class='ocrx_word' id='word_1_237' title='bbox 1064 3387 1162 3450; x_wconf 90' lang='lat' dir='ltr'>super</span> <span class='ocrx_word' id='word_1_238' title='bbox 1185 3388 1262 3435; x_wconf 89' lang='lat' dir='ltr'>casu</span> <span class='ocrx_word' id='word_1_239' title='bbox 1285 3378 1320 3437; x_wconf 89' lang='lat' dir='ltr'>et</span> <span class='ocrx_word' id='word_1_240' title='bbox 1343 3369 1476 3438; x_wconf 88' lang='lat' dir='ltr'>articulo</span> 
     </span>
     <span class='ocr_line' id='line_1_28' title="bbox 178 3480 1476 3566; baseline 0 -18"><span class='ocrx_word' id='word_1_241' title='bbox 178 3483 336 3548; x_wconf 89' lang='lat' dir='ltr'>similibus</span> <span class='ocrx_word' id='word_1_242' title='bbox 352 3483 500 3548; x_wconf 86' lang='lat' dir='ltr'>fidelibus</span> <span class='ocrx_word' id='word_1_243' title='bbox 516 3483 634 3546; x_wconf 89' lang='lat' dir='ltr'>nostris</span> <span class='ocrx_word' id='word_1_244' title='bbox 651 3482 775 3546; x_wconf 92' lang='lat' dir='ltr'>ciuibus</span> <span class='ocrx_word' id='word_1_245' title='bbox 790 3480 923 3547; x_wconf 88' lang='lat' dir='ltr'>Maioris</span> <span class='ocrx_word' id='word_1_246' title='bbox 946 3481 1088 3545; x_wconf 89' lang='lat' dir='ltr'>ciuitatis</span> <span class='ocrx_word' id='word_1_247' title='bbox 1103 3482 1276 3563; x_wconf 79' lang='lat' dir='ltr'>Pragensis</span> <span class='ocrx_word' id='word_1_248' title='bbox 1290 3503 1352 3566; x_wconf 88' lang='lat' dir='ltr'>per</span> <span class='ocrx_word' id='word_1_249' title='bbox 1370 3503 1476 3566; x_wconf 92' lang='lat' dir='ltr'>supra·</span> 
     </span>
     <span class='ocr_line' id='line_1_29' title="bbox 178 3595 1477 3678; baseline 0.002 -19"><span class='ocrx_word' id='word_1_250' title='bbox 178 3598 298 3661; x_wconf 80' lang='lat' dir='ltr'>(lictum</span> <span class='ocrx_word' id='word_1_251' title='bbox 317 3597 479 3661; x_wconf 91' lang='lat' dir='ltr'>dominum</span> <span class='ocrx_word' id='word_1_252' title='bbox 495 3601 528 3659; x_wconf 86' lang='lat' dir='ltr'>et</span> <span class='ocrx_word' id='word_1_253' title='bbox 542 3595 718 3675; x_wconf 70' lang='lat' dir='ltr'>genitorem</span> <span class='ocrx_word' id='word_1_254' title='bbox 733 3600 887 3673; x_wconf 82' lang='lat' dir='ltr'>nostrum,</span> <span class='ocrx_word' id='word_1_255' title='bbox 906 3595 1122 3659; x_wconf 90' lang='lat' dir='ltr'>Romanorum</span> <span class='ocrx_word' id='word_1_256' title='bbox 1137 3595 1378 3678; x_wconf 84' lang='lat' dir='ltr'>imperatorem,</span> <span class='ocrx_word' id='word_1_257' title='bbox 1402 3605 1477 3662; x_wconf 88' lang='lat' dir='ltr'>tam-</span> 
     </span>
     <span class='ocr_line' id='line_1_30' title="bbox 179 3706 1476 3790; baseline 0.002 -19"><span class='ocrx_word' id='word_1_258' title='bbox 179 3729 273 3790; x_wconf 79' lang='lat' dir='ltr'>quam</span> <span class='ocrx_word' id='word_1_259' title='bbox 296 3710 427 3775; x_wconf 82' lang='lat' dir='ltr'>Boemie</span> <span class='ocrx_word' id='word_1_260' title='bbox 450 3727 557 3789; x_wconf 74' lang='lat' dir='ltr'>regem</span> <span class='ocrx_word' id='word_1_261' title='bbox 581 3708 688 3787; x_wconf 75' lang='lat' dir='ltr'>gracia</span> <span class='ocrx_word' id='word_1_262' title='bbox 717 3706 801 3772; x_wconf 78' lang='lat' dir='ltr'>fao-ta</span> <span class='ocrx_word' id='word_1_263' title='bbox 823 3726 895 3772; x_wconf 88' lang='lat' dir='ltr'>esse</span> <span class='ocrx_word' id='word_1_264' title='bbox 918 3708 1104 3787; x_wconf 84' lang='lat' dir='ltr'>dinoscitur,</span> <span class='ocrx_word' id='word_1_265' title='bbox 1131 3715 1165 3773; x_wconf 72' lang='lat' dir='ltr'>st</span> <span class='ocrx_word' id='word_1_266' title='bbox 1187 3708 1221 3773; x_wconf 94' lang='lat' dir='ltr'>in</span> <span class='ocrx_word' id='word_1_267' title='bbox 1243 3706 1367 3775; x_wconf 88' lang='lat' dir='ltr'>litteris</span> <span class='ocrx_word' id='word_1_268' title='bbox 1382 3712 1476 3776; x_wconf 83' lang='lat' dir='ltr'>maie</span> 
     </span>
     <span class='ocr_line' id='line_1_31' title="bbox 180 3818 1479 3903; baseline 0.003 -22"><span class='ocrx_word' id='word_1_269' title='bbox 180 3822 271 3884; x_wconf 84' lang='lat' dir='ltr'>statis</span> <span class='ocrx_word' id='word_1_270' title='bbox 306 3842 363 3887; x_wconf 88' lang='lat' dir='ltr'>sue</span> <span class='ocrx_word' id='word_1_271' title='bbox 394 3821 473 3903; x_wconf 89' lang='lat' dir='ltr'>ipsis</span> <span class='ocrx_word' id='word_1_272' title='bbox 507 3820 631 3884; x_wconf 89' lang='lat' dir='ltr'>ciuibus</span> <span class='ocrx_word' id='word_1_273' title='bbox 661 3818 875 3899; x_wconf 78' lang='lat' dir='ltr'>Progensibus</span> <span class='ocrx_word' id='word_1_274' title='bbox 909 3819 1048 3900; x_wconf 86' lang='lat' dir='ltr'>desuper</span> <span class='ocrx_word' id='word_1_275' title='bbox 1081 3822 1243 3886; x_wconf 85' lang='lat' dir='ltr'>concessis</span> <span class='ocrx_word' id='word_1_276' title='bbox 1278 3822 1400 3889; x_wconf 88' lang='lat' dir='ltr'>clarius</span> <span class='ocrx_word' id='word_1_277' title='bbox 1432 3826 1479 3888; x_wconf 89' lang='lat' dir='ltr'>est</span> 
     </span>
     <span class='ocr_line' id='line_1_32' title="bbox 181 3931 1479 4013; baseline 0.008 -23"><span class='ocrx_word' id='word_1_278' title='bbox 181 3949 374 4010; x_wconf 84' lang='lat' dir='ltr'>expressum.</span> <span class='ocrx_word' id='word_1_279' title='bbox 420 3931 575 3996; x_wconf 70' lang='lat' dir='ltr'>Volumus</span> <span class='ocrx_word' id='word_1_280' title='bbox 598 3938 704 3995; x_wconf 88' lang='lat' dir='ltr'>tamen</span> <span class='ocrx_word' id='word_1_281' title='bbox 727 3937 760 3995; x_wconf 92' lang='lat' dir='ltr'>et</span> <span class='ocrx_word' id='word_1_282' title='bbox 782 3931 946 4012; x_wconf 78' lang='lat' dir='ltr'>signanter</span> <span class='ocrx_word' id='word_1_283' title='bbox 974 3932 1177 3997; x_wconf 91' lang='lat' dir='ltr'>decernimus</span> <span class='ocrx_word' id='word_1_284' title='bbox 1199 3941 1386 4013; x_wconf 90' lang='lat' dir='ltr'>presentem</span> <span class='ocrx_word' id='word_1_285' title='bbox 1409 3954 1479 4001; x_wconf 89' lang='lat' dir='ltr'>con·</span> 
     </span>
     <span class='ocr_line' id='line_1_33' title="bbox 182 4040 1480 4126; baseline 0.008 -25"><span class='ocrx_word' id='word_1_286' title='bbox 182 4043 356 4108; x_wconf 84' lang='lat' dir='ltr'>cessionem</span> <span class='ocrx_word' id='word_1_287' title='bbox 379 4051 411 4109; x_wconf 84' lang='lat' dir='ltr'>et</span> <span class='ocrx_word' id='word_1_288' title='bbox 434 4045 573 4124; x_wconf 73' lang='lat' dir='ltr'>graciam</span> <span class='ocrx_word' id='word_1_289' title='bbox 597 4042 636 4106; x_wconf 87' lang='lat' dir='ltr'>ad</span> <span class='ocrx_word' id='word_1_290' title='bbox 660 4042 734 4106; x_wconf 93' lang='lat' dir='ltr'>illos</span> <span class='ocrx_word' id='word_1_291' title='bbox 757 4044 845 4107; x_wconf 91' lang='lat' dir='ltr'>ciues</span> <span class='ocrx_word' id='word_1_292' title='bbox 860 4040 995 4106; x_wconf 87' lang='lat' dir='ltr'>Minoris</span> <span class='ocrx_word' id='word_1_293' title='bbox 1018 4043 1159 4107; x_wconf 89' lang='lat' dir='ltr'>ciuitatis</span> <span class='ocrx_word' id='word_1_294' title='bbox 1182 4044 1356 4126; x_wconf 83' lang='lat' dir='ltr'>Pragensis</span> <span class='ocrx_word' id='word_1_295' title='bbox 1378 4047 1480 4113; x_wconf 89' lang='lat' dir='ltr'>solnm</span> 
     </span>
     <span class='ocr_line' id='line_1_34' title="bbox 183 4153 1481 4242; baseline 0.008 -30"><span class='ocrx_word' id='word_1_296' title='bbox 183 4153 309 4216; x_wconf 85' lang='lat' dir='ltr'>extendi</span> <span class='ocrx_word' id='word_1_297' title='bbox 339 4158 464 4228; x_wconf 76' lang='lat' dir='ltr'>debere</span> <span class='ocrx_word' id='word_1_298' title='bbox 498 4157 551 4237; x_wconf 90' lang='lat' dir='ltr'>qui</span> <span class='ocrx_word' id='word_1_299' title='bbox 584 4156 615 4218; x_wconf 95' lang='lat' dir='ltr'>in</span> <span class='ocrx_word' id='word_1_300' title='bbox 647 4155 829 4219; x_wconf 86' lang='lat' dir='ltr'>cottidianis</span> <span class='ocrx_word' id='word_1_301' title='bbox 859 4155 987 4234; x_wconf 87' lang='lat' dir='ltr'>steuris,</span> <span class='ocrx_word' id='word_1_302' title='bbox 1018 4156 1244 4221; x_wconf 83' lang='lat' dir='ltr'>exaccionibus</span> <span class='ocrx_word' id='word_1_303' title='bbox 1275 4164 1309 4223; x_wconf 91' lang='lat' dir='ltr'>et</span> <span class='ocrx_word' id='word_1_304' title='bbox 1335 4160 1481 4242; x_wconf 85' lang='lat' dir='ltr'>losungis</span> 
     </span>
     <span class='ocr_line' id='line_1_35' title="bbox 183 4267 1482 4350; baseline 0.012 -29"><span class='ocrx_word' id='word_1_305' title='bbox 183 4272 333 4328; x_wconf 84' lang='lat' dir='ltr'>consueta</span> <span class='ocrx_word' id='word_1_306' title='bbox 356 4268 439 4330; x_wconf 85' lang='lat' dir='ltr'>dicte</span> <span class='ocrx_word' id='word_1_307' title='bbox 463 4270 621 4333; x_wconf 86' lang='lat' dir='ltr'>sustinent</span> <span class='ocrx_word' id='word_1_308' title='bbox 644 4274 677 4331; x_wconf 91' lang='lat' dir='ltr'>et</span> <span class='ocrx_word' id='word_1_309' title='bbox 699 4267 903 4332; x_wconf 90' lang='lat' dir='ltr'>sustinebunt</span> <span class='ocrx_word' id='word_1_310' title='bbox 924 4267 1040 4333; x_wconf 88' lang='lat' dir='ltr'>futuris</span> <span class='ocrx_word' id='word_1_311' title='bbox 1062 4269 1262 4350; x_wconf 90' lang='lat' dir='ltr'>temporibus</span> <span class='ocrx_word' id='word_1_312' title='bbox 1281 4289 1383 4338; x_wconf 86' lang='lat' dir='ltr'>onera</span> <span class='ocrx_word' id='word_1_313' title='bbox 1405 4272 1482 4339; x_wconf 85' lang='lat' dir='ltr'>ciui-</span> 
     </span>
     <span class='ocr_line' id='line_1_36' title="bbox 183 4372 1482 4461; baseline 0.013 -28"><span class='ocrx_word' id='word_1_314' title='bbox 183 4372 269 4438; x_wconf 88' lang='lat' dir='ltr'>tatis.</span> <span class='ocrx_word' id='word_1_315' title='bbox 314 4375 516 4443; x_wconf 86' lang='lat' dir='ltr'>Presencium</span> <span class='ocrx_word' id='word_1_316' title='bbox 539 4382 598 4445; x_wconf 90' lang='lat' dir='ltr'>sub</span> <span class='ocrx_word' id='word_1_317' title='bbox 622 4386 729 4444; x_wconf 91' lang='lat' dir='ltr'>nostre</span> <span class='ocrx_word' id='word_1_318' title='bbox 751 4380 928 4444; x_wconf 87' lang='lat' dir='ltr'>maiestatis</span> <span class='ocrx_word' id='word_1_319' title='bbox 951 4380 1059 4461; x_wconf 80' lang='lat' dir='ltr'>sigillo</span> <span class='ocrx_word' id='word_1_320' title='bbox 1082 4383 1268 4448; x_wconf 88' lang='lat' dir='ltr'>testimonio</span> <span class='ocrx_word' id='word_1_321' title='bbox 1291 4383 1482 4450; x_wconf 89' lang='lat' dir='ltr'>litterarum.</span> 
     </span>
    </p>
   </div>
   <div class='ocr_carea' id='block_1_3' title="bbox 0 0 1562 5160">
    <p class='ocr_par' dir='ltr' id='par_1_3' title="bbox 0 0 1562 5160">
     <span class='ocr_line' id='line_1_37' title="bbox 0 0 1562 5160; baseline 0 0"><span class='ocrx_word' id='word_1_322' title='bbox 0 0 1562 5160; x_wconf 95' lang='lat' dir='ltr'> </span> 
     </span>
    </p>
   </div>
  </div>
 </body>
</html>
