3068 5160
693 376 767 427 raca.
1313 383 1376 447 145

85 581 343 645 acuatacuat
369 583 530 665 plicatitc',
562 582 623 668 uby
645 583 689 647 cti
715 605 730 646 a
752 586 848 648 orlani
867 587 941 648 tani
960 608 1004 649 aa
1026 587 1076 648 trl
1101 609 1145 650 aa
1167 586 1258 654 Nove
1283 593 1375 657 meato

85 720 91 756 ι
115 693 225 779 adyty
248 696 316 759 tolro
338 696 452 758 occipiti
472 695 609 771 mardi,
633 699 694 759 omi
714 699 840 781 rpclrtdd
857 696 1080 783 Nooomdatcky'
1101 699 1213 765 toloove'
1231 705 1296 766 odsi
1311 705 1374 788 jim

273 807 412 891 pobrati,
436 806 551 893 adezty
565 811 603 893 je
625 808 692 872 leoli
711 809 832 885 watihl,
855 810 927 895 aoy
941 814 978 895 jc
996 810 1178 896 proddcali.

181 1033 321 1099 Karolus
345 1040 478 1117 quartus
500 1035 611 1099 diuina
632 1034 761 1100 fauente
777 1035 950 1102 clemencia
964 1039 1177 1104 Romanorum
1201 1040 1375 1123 imperator

85 1163 205 1226 ¹emper
228 1152 383 1227 augustus
406 1153 439 1211 et
460 1148 592 1213 Boemie
615 1166 681 1214 rex.
726 1147 845 1213 Notum
873 1150 1006 1216 facimus
1036 1155 1147 1217 tenore
1172 1154 1374 1234 presencium

85 1258 248 1338 'niuersis
280 1260 365 1340 quod
388 1256 553 1341 cupientes
583 1265 702 1325 statum
725 1266 759 1326 et
781 1262 999 1328 condicionem
1022 1263 1211 1329 dilectorum
1233 1265 1375 1332 fidelium

85 1377 260 1436 rostrorum
291 1372 418 1451 ciuium,
450 1373 614 1437 hominum
643 1378 677 1438 ct
705 1372 882 1440 incolarum
903 1374 994 1440 Noae
1025 1376 1167 1442 ciuitatis
1193 1377 1373 1461 Progensis,

84 1485 278 1549 ›resencium
302 1491 335 1550 et
356 1485 544 1566 futurorum,
566 1486 672 1552 iacere
695 1487 859 1552 meliorem
882 1492 915 1552 et
936 1493 970 1551 vt
992 1487 1053 1569 ipsi
1077 1488 1136 1554 sub
1158 1488 1245 1555 lelici
1264 1497 1373 1557 nostro

85 1596 233 1677 agimine
256 1615 294 1661 eo
318 1598 514 1662 commodius
539 1599 698 1679 respirare
720 1599 849 1664 valeant
869 1605 903 1663 et
924 1600 1084 1665 continuis
1099 1599 1254 1683 proficere
1273 1602 1374 1668 incre·

85 1710 203 1787 nentis,
228 1709 307 1790 ipsis
331 1710 454 1775 ciuibus
478 1716 511 1775 et
533 1711 617 1775 dicte
641 1712 765 1776 ciuitati
789 1711 931 1792 ipsorum
946 1712 1183 1794 inperpetuum
1198 1713 1280 1779 hanc
1304 1734 1374 1796 gra·

85 1823 159 1886 :iam
184 1823 332 1887 duximus
354 1823 542 1903 faciendam,
566 1824 718 1889 videlicet
740 1825 825 1908 quod
840 1823 1003 1906 deposicio
1018 1823 1155 1891 allecum
1178 1830 1212 1891 et
1233 1827 1375 1892 omnium

85 1935 212 1999 dacium
236 1936 394 2001 salsorum
418 1956 454 2001 ac
477 1938 517 2002 ad
540 1937 600 2001 hoc
622 1937 865 2018 pertinencium,
889 1938 965 2002 item
987 1937 1091 2002 forum
1114 1939 1256 2004 omnium
1276 1959 1374 2006 anno·

85 2067 189 2112 rarum
212 2049 383 2114 cuiuslibet
404 2051 505 2130 grani,
529 2051 606 2115 item
628 2049 733 2115 forum
756 2048 897 2114 omnium
915 2051 1073 2132 pecudum
1088 2055 1122 2115 et
1135 2069 1286 2133 pecorum
1308 2057 1374 2117 tam

85 2180 263 2243 nagnorum
293 2181 388 2243 quam
417 2180 599 2243 paruorum,
630 2162 708 2227 item
738 2159 842 2226 forum
874 2160 1046 2226 carbonum
1075 2180 1133 2243 per
1157 2167 1224 2228 tres
1247 2164 1317 2229 dies
1340 2165 1373 2229 in

85 2275 261 2353 odonam,
286 2275 410 2338 scilicet
430 2274 520 2340 feriis
544 2275 692 2353 secunda,
715 2273 816 2339 tercia
838 2279 871 2338 et
893 2278 1007 2356 quarta
1025 2280 1057 2340 et
1072 2275 1213 2339 omnium
1231 2277 1373 2358 ipsorum

85 2388 197 2468 mpoio
229 2392 262 2450 et
289 2387 435 2452 vendicio
467 2388 500 2451 in
523 2406 562 2451 ea
583 2406 655 2452 esse
680 2385 818 2451 debeant
839 2392 871 2452 et
893 2405 957 2452 non
987 2386 1063 2453 alibi
1093 2406 1217 2453 exnunc
1244 2389 1373 2455 inantea

85 2499 238 2581 erpetuis
261 2500 457 2581 temporibus
480 2505 513 2564 et
534 2498 660 2578 futuris,
677 2499 897 2581 impedimenti
918 2499 1081 2564 obstaculo
1097 2500 1241 2583 quolibet
1261 2503 1372 2584 procul

85 2619 170 2677 noto.
194 2613 345 2676 Preterea
367 2612 394 2676 si
418 2616 612 2676 mercatores
635 2629 692 2675 seu
708 2611 890 2677 venditores
909 2612 1123 2693 predictarum
1146 2632 1262 2694 rerum,
1285 2614 1372 2679 vide-

84 2727 148 2789 icet
172 2724 318 2804 allecum,
348 2724 484 2804 piscium
515 2723 682 2803 salsorum,
713 2741 920 2803 annonarum,
951 2725 1107 2805 pecudum
1138 2744 1195 2790 seu
1221 2746 1373 2808 pecorum

85 2857 107 2900 .c
133 2837 306 2900 carbonum
329 2836 397 2900 fora
420 2854 487 2914 sua,
513 2841 548 2899 ut
570 2835 737 2916 prefertur,
761 2837 794 2901 in
817 2836 961 2918 predicta
974 2835 1068 2902 Noua
1089 2839 1220 2905 ciuitate
1242 2840 1372 2906 visitare

85 2950 204 3026 tollent,
237 2950 322 3031 quod
351 2955 427 3013 tunc
453 2949 552 3032 judex
574 2948 707 3013 Maioris
739 2949 880 3014 ciuitatis
910 2950 1081 3031 Progensis
1112 2953 1153 3016 ad
1184 2952 1372 3016 instanciam

85 3063 188 3126 udicis
212 3061 296 3125 dicte
319 3060 409 3126 Noue
433 3061 572 3126 ciuitatis
595 3062 765 3143 Pragensis
788 3069 981 3129 mercatores
1004 3069 1037 3127 et
1060 3063 1241 3128 venditores
1264 3084 1371 3128 rerum

85 3173 256 3238 cuiusmodi
280 3176 320 3237 ad
343 3175 460 3238 dictam
482 3173 607 3239 Nouam
633 3175 796 3240 ciuitatem
818 3176 1011 3257 Pragensem
1034 3176 1075 3239 ad
1098 3175 1297 3240 vendendum
1320 3195 1372 3239 res

88 3306 147 3351 uas
170 3287 289 3351 ibidem
314 3288 505 3368 compellere
528 3294 561 3351 et
581 3292 688 3352 artare
710 3294 866 3353 teneatur.
911 3286 1003 3364 Quod
1026 3286 1054 3352 si
1077 3287 1163 3352 idem
1181 3289 1278 3371 judex
1303 3287 1371 3350 Ma-

85 3400 150 3464 oris
175 3399 315 3463 ciuitatis
332 3401 500 3481 Pragonsis
524 3400 564 3463 ad
586 3400 833 3481 requisicionem
856 3405 889 3463 et
911 3399 1100 3464 instanciam
1119 3398 1233 3480 prefati
1254 3399 1371 3481 judicis

85 3513 162 3577 ioue
195 3513 336 3576 ciuitatis
366 3513 535 3593 Pragensis
565 3512 626 3576 hoc
654 3511 759 3577 facere
792 3511 892 3576 nollet
922 3519 954 3577 et
984 3511 1164 3576 omnimodo
1198 3515 1370 3587 recusaret,

85 3633 188 3689 utrmc
205 3626 417 3705 concedimus,
440 3625 585 3688 lactemus
609 3631 642 3689 et
665 3624 867 3706 indulgemus
884 3624 988 3689 eidem
1008 3623 1108 3706 judici
1124 3622 1215 3686 Nouo
1232 3622 1371 3686 ciuitatis

85 3739 252 3820 ,tugensis
284 3739 338 3819 qni
362 3757 418 3819 pro
441 3744 584 3819 ternpore
608 3737 713 3817 fuerit,
744 3743 780 3801 ut
801 3736 901 3801 fretus
925 3736 959 3800 in
981 3736 1041 3799 hac
1068 3740 1158 3816 parte
1182 3735 1371 3800 auctoritate

85 3859 181 3914 rostra
203 3852 292 3932 regia
314 3851 445 3914 Boemie
469 3869 577 3914 omnes
600 3850 837 3931 prenominatos
863 3867 916 3913 res
938 3848 1138 3931 vbicumque‚
1168 3853 1371 3929 preterquam

85 3984 101 4027 n
126 3965 213 4027 dicta
236 3962 328 4026 Noua
351 3963 480 4026 ciuitate
503 3963 666 4043 Prageusl‚
691 3980 746 4027 eas
769 3962 863 4025 vendi
886 3979 943 4026 seu
966 3961 1028 4025 emi
1060 3960 1215 4042 repererit
1241 3958 1292 4023 uel
1317 3959 1370 4023 de-

85 4077 284 4153 ·relrenderit,
307 4075 407 4154 tollat,
432 4081 560 4154 arostet,
585 4094 681 4156 super
704 4094 741 4139 eo
762 4073 850 4138 nullo
867 4073 930 4138 alio
949 4073 1115 4155 requisito.
1139 4071 1230 4149 Quod
1246 4072 1370 4136 silorte

86 4196 263 4254 mrcatores
287 4207 343 4252 seu
367 4188 549 4252 venditores
579 4206 685 4251 rerum
716 4186 899 4252 huiusmodi
930 4184 1161 4249 anastacionern
1184 4202 1241 4249 seu
1264 4184 1370 4249 subla·

85 4307 193 4368 ionem
225 4302 365 4381 ipsarum
396 4319 501 4364 rerum
537 4301 691 4381 impedire
721 4298 865 4363 volentes
899 4298 1108 4379 quouismodo
1143 4296 1370 4362 contumaciter·

85 4438 96 4481 e
131 4415 240 4480 eidem
273 4432 433 4494 opponere
457 4413 718 4494 presumpserint,
752 4416 867 4475 extunc
898 4409 1091 4474 comittimus
1122 4428 1179 4491 per
1203 4415 1369 4491 presentes

85 4529 216 4595 mnibus
241 4524 431 4589 officialibus
454 4524 572 4589 nostris
596 4529 629 4588 et
650 4524 736 4587 vires
760 4528 884 4587 nostras
915 4521 1107 4601 tenentibus
1132 4526 1167 4586 vt
1188 4521 1370 4586 venditores

1183 4656 1215 4704 10
