3068 5160
713 358 786 407 uss.
1355 359 1396 424 15

118 561 203 640 ipsum
225 560 397 637 inuenerit,
421 561 475 624 nel
499 562 601 641 ipsius
631 563 776 628 homines
808 564 961 628 detinere.
1008 561 1183 629 statuimus
1206 584 1344 647 quoque,
1368 572 1404 630 ut

120 673 189 751 ciuis,
212 674 267 755 qui
292 692 327 738 se
350 673 518 738 famulatui
541 674 744 757 seruicioque
772 674 903 740 baronis
926 675 1093 754 addixerit,
1126 675 1167 740 acl
1189 677 1402 743 municionem

121 782 213 851 iudicis
236 804 309 851 curn
339 785 432 850 bonis
456 786 524 850 suis
547 787 694 851 omnibus
724 787 812 852 exire
835 787 951 852 debeat
980 788 1154 853 ciuitatem.
1199 789 1401 854 Discordiam

121 896 184 962 inter
203 899 292 964 ciues
323 899 460 963 alicuius
491 899 632 963 ciuitatis
645 896 649 907 '
662 905 736 964 ante
765 899 878 964 harum
900 905 1081 964 nostrarum
1108 900 1401 982 promulgacioneru

122 1013 305 1077 sanccionunr
329 1017 472 1076 exortam
494 1012 583 1078 ciues
606 1011 742 1076 aliarum
767 1012 902 1077 duarum
932 1012 1098 1077 ciuitatum
1121 1013 1229 1094 sopire
1251 1013 1402 1078 amicabi-

117 1117 175 1186 tar
194 1129 374 1203 teneantur,
398 1124 489 1188 saluo
513 1144 625 1189 uerum
647 1130 754 1189 tamen
776 1125 846 1189 iure
869 1129 989 1190 nostro.
1013 1123 1103 1201 Quod
1126 1124 1154 1188 si
1177 1143 1241 1189 non
1263 1127 1404 1206 poterint

115 1236 192 1300 nobis
213 1236 372 1300 assentire
396 1236 541 1300 nolentes
572 1237 741 1302 concordie
763 1236 966 1315 accusabunt,
998 1241 1035 1299 ut
1056 1236 1346 1302 animaduertamus
1369 1240 1402 1303 in

109 1341 197 1426 ipsos,
227 1354 325 1429 prout
357 1349 470 1429 regula
503 1349 604 1430 exigit
636 1349 798 1432 equitatis.
844 1349 882 1414 In
910 1354 1074 1430 posterum
1105 1365 1182 1413 uero
1217 1350 1402 1430 discordias

106 1474 307 1542 quascunque
332 1460 364 1524 in
388 1461 572 1525 ciuitatibus
596 1462 673 1525 oriri
697 1462 877 1543 contigerit
908 1467 1018 1527 nostro
1048 1461 1132 1526 iuste
1159 1462 1330 1543 sopiendas
1353 1482 1403 1526 ar-

103 1563 195 1636 bitria
218 1591 433 1638 reseruemus
479 1573 589 1639 Placet
611 1573 713 1654 nobis,
736 1580 773 1638 ut
795 1591 905 1639 omnes
926 1573 1018 1654 regni
1040 1573 1142 1638 nostri
1165 1574 1313 1640 ciuitates
1336 1577 1404 1639 suis

97 1686 240 1767 antiquis
271 1686 395 1751 iuribus
422 1687 468 1751 uti
496 1687 626 1752 ualeant
647 1693 680 1751 et
702 1686 986 1753 consuetudinibus
1008 1687 1201 1769 approbatis,
1233 1688 1403 1751 dummodo

97 1811 217 1875 perca
240 1799 286 1863 nii
316 1806 427 1864 contra
457 1817 516 1864 nus
538 1800 591 1864 uel
622 1805 763 1865 nostram
793 1799 957 1879 familiam,
988 1799 1075 1882 quod
1103 1800 1255 1865 indecens
1286 1800 1402 1864 situel

97 1907 319 1994 incongruum,
342 1912 451 1977 ualeat
464 1914 605 1992 euenire,
621 1920 655 1979 et
668 1914 819 1995 precipue
840 1918 951 1979 contra
972 1917 1138 1994 presentes
1160 1911 1404 1977 honestissimas

97 2027 296 2104 sanccioneS,
329 2030 439 2090 contra
461 2045 540 2107 quas
564 2026 746 2109 quicunque
768 2027 803 2091 in
825 2045 924 2107 regno
947 2031 1057 2091 nostro
1089 2025 1209 2106 degens
1237 2042 1402 2106 presump-

97 2139 178 2203 serit
199 2137 326 2219 aliquid
349 2143 547 2220 attemptare,
570 2139 624 2203 uel
647 2139 734 2220 ipsas
757 2140 791 2204 in
813 2139 945 2204 minimo
967 2137 1100 2217 uiolare,
1124 2155 1197 2201 cunr
1220 2155 1259 2202 ex
1282 2135 1403 2201 delibe-

97 2257 166 2315 racc
184 2250 330 2315 fidelium
352 2255 534 2314 nostrorum
551 2250 685 2314 consilio
701 2250 980 2315 animaduersione
1003 2249 1112 2314 debita
1134 2250 1309 2313 secundum
1324 2249 1403 2314 cini-

97 2367 200 2427 tatum
223 2362 296 2426 iura
319 2369 444 2427 etcum
467 2362 608 2442 ipsarum
631 2361 797 2426 ciuitatum
830 2362 950 2426 auxilio
972 2360 1083 2426 taliter
1108 2360 1286 2442 puniemus,
1318 2360 1402 2441 quod

97 2475 216 2539 terrori
241 2492 313 2538 esse
335 2476 455 2555 poterit
483 2474 620 2555 singulis
643 2478 676 2538 et
698 2472 853 2555 exemplo.
900 2472 968 2550 Qne
992 2473 1107 2551 omnia,
1137 2476 1233 2553 prout
1255 2471 1403 2552 superius
1505 2461 1508 2465 ’

97 2587 221 2668 scripta
244 2591 328 2664 sunt,
351 2585 474 2649 iudices
498 2591 530 2649 et
552 2586 648 2649 iurati
670 2585 813 2649 uniuersi
836 2585 978 2649 omnium
1005 2585 1172 2651 ciuitatum
1193 2583 1325 2649 Boemie
1347 2583 1402 2647 cin

99 2716 234 2762 seruare
254 2699 433 2763 iuramento
456 2698 591 2779 prestito
615 2697 847 2762 inuiolabiliter
861 2696 1078 2778 promiserunt
1100 2702 1133 2762 et
1154 2703 1190 2762 ut
1211 2697 1311 2763 robur
1332 2716 1403 2779 per-

101 2818 198 2888 petue
221 2810 382 2875 finnitatis
413 2809 563 2891 precipue
594 2809 678 2873 circa
708 2808 971 2874 obseruacionem
1002 2810 1129 2875 iusticie
1151 2811 1185 2875 in
1208 2811 1344 2892 singulis
1370 2811 1403 2875 in

105 2923 234 2988 ciuitate
256 2929 369 2987 nostra
392 2920 524 2986 Colonie
547 2921 721 3001 obtineant,
753 2928 935 3003 presentem
965 2922 1114 3003 paginam
1146 2922 1262 3004 sigillis
1284 2925 1404 2988 nostris

108 3036 219 3100 rnnniri
249 3034 383 3099 iecirnus
410 3034 443 3098 in
466 3034 683 3098 testimonium
707 3034 863 3099 ueritatis
908 3035 1023 3100 Actum
1045 3034 1147 3116 Prage
1177 3055 1261 3101 anno
1284 3037 1404 3100 domini

111 3147 274 3212 millesimo
299 3147 517 3211 ‹lucentesimo
534 3147 750 3227 octoagesimo
767 3147 888 3230 quinto,
914 3167 996 3213 ncnc
1020 3148 1175 3212 kalendas
1197 3147 1286 3212 Junii
1305 3150 1404 3212 tercie

119 3257 229 3324 slecirne
252 3259 453 3324 indiccicnis.

208 3430 279 3498 Orig.
299 3448 315 3483 r
333 3430 443 3483 archivu
469 3447 503 3483 ru.
526 3429 628 3484 Koiina
645 3433 667 3484 c.
688 3438 711 3483 1.
753 3430 836 3484 Petet
860 3431 959 3484 schini.
997 3429 1124 3498 Pozdejii
1148 3431 1231 3499 kopie
1255 3431 1351 3484 naleza
1376 3444 1405 3482 se

125 3526 252 3589 vpametni
272 3525 352 3577 knize
371 3524 451 3578 tehoi
469 3525 558 3578 mesta
575 3522 722 3578 adulati
744 3539 779 3577 nu
799 3532 846 3578 str.
859 3531 901 3593 31,
919 3523 991 3579 kdei
1009 3541 1074 3579 nese
1093 3525 1176 3593 cesky'
1188 3524 1286 3594 uadpis
1307 3523 1404 3589 „viem

128 3618 237 3672 nauem
257 3621 377 3672 ochruna
397 3634 426 3672 se
445 3618 544 3688 slibuje
563 3619 571 3672 i
591 3618 697 3688 podiva
715 3619 723 3670 i
743 3617 815 3686 proti
834 3625 912 3672 staru
931 3618 1119 3687 rytiiskernu.“

703 3881 767 3964 Cis.
793 3898 821 3963 ἵ.

501 4089 604 4156 1299.
640 4088 694 4156 18.
718 4087 809 4156 ciii.
838 4087 1022 4156 Niiburk.

129 4269 191 4340 Kra'i
218 4278 333 4343 Vcicluv
356 4279 399 4342 II.
417 4282 580 4364 potcrznjc
603 4283 725 4343 srrcseuc'
746 4281 885 4362 rychtciic
909 4303 929 4342 a
945 4278 1130 4361 pr'a'sciny'ch
1144 4276 1289 4341 kousclciu
1311 4280 1407 4340 menta

126 4383 288 4467 Praelata,
314 4391 377 4475 uby
399 4392 520 4475 kccqrca
543 4391 594 4475 cpi
616 4415 653 4454 za
675 4391 780 4455 cbecac'
796 4394 891 4475 pcaiz
913 4391 1011 4454 radat
1033 4390 1116 4465 dim,
1144 4389 1203 4454 lade
1226 4388 1265 4475 by
1286 4389 1412 4454 Ῑιοηέιὶέ

114 4511 165 4583 pr'c
185 4526 205 4568 a
227 4505 400 4569 zdlcir'icstc'
422 4504 525 4569 obecm'
548 4503 778 4589 projeci-adnati
798 4525 819 4566 a
842 4503 901 4567 kdc
934 4502 973 4588 tp
996 4507 1043 4566 ie'i
1064 4502 1196 4588 meiriskpi
1212 4505 1312 4587 pisar'
1329 4502 1411 4565 cicilc'
