<?xml version="1.0" encoding="UTF-8"?>
<!DOCTYPE html PUBLIC "-//W3C//DTD XHTML 1.0 Transitional//EN"
    "http://www.w3.org/TR/xhtml1/DTD/xhtml1-transitional.dtd">
<html xmlns="http://www.w3.org/1999/xhtml" xml:lang="en" lang="en">
 <head>
  <title>
</title>
<meta http-equiv="Content-Type" content="text/html;charset=utf-8" />
  <meta name='ocr-system' content='tesseract 3.04.00' />
  <meta name='ocr-capabilities' content='ocr_page ocr_carea ocr_par ocr_line ocrx_word'/>
</head>
<body>
  <div class='ocr_page' id='page_1' title='image "./sbrkapramenprva00kingoog_0301.png"; bbox 0 0 3090 5370; ppageno 0'>
   <div class='ocr_carea' id='block_1_1' title="bbox 682 398 1370 463">
    <p class='ocr_par' dir='ltr' id='par_1_1' title="bbox 682 398 1370 463">
     <span class='ocr_line' id='line_1_1' title="bbox 682 398 1370 463; baseline 0.026 -17"><span class='ocrx_word' id='word_1_1' title='bbox 682 398 759 447; x_wconf 74' lang='lat' dir='ltr'><strong>rasa.</strong></span> <span class='ocrx_word' id='word_1_2' title='bbox 1310 398 1370 463; x_wconf 72' lang='lat'><strong>121</strong></span> 
     </span>
    </p>
   </div>
   <div class='ocr_carea' id='block_1_2' title="bbox 53 582 1388 3389">
    <p class='ocr_par' dir='ltr' id='par_1_2' title="bbox 53 582 1388 3389">
     <span class='ocr_line' id='line_1_2' title="bbox 56 582 1388 687; baseline 0.004 -18"><span class='ocrx_word' id='word_1_3' title='bbox 56 612 94 671; x_wconf 87' lang='lat' dir='ltr'><strong>et</strong></span> <span class='ocrx_word' id='word_1_4' title='bbox 117 605 231 687; x_wconf 88' lang='lat' dir='ltr'><strong>plnres</strong></span> <span class='ocrx_word' id='word_1_5' title='bbox 252 622 289 668; x_wconf 88' lang='lat' dir='ltr'><strong>ae</strong></span> <span class='ocrx_word' id='word_1_6' title='bbox 312 604 414 667; x_wconf 89' lang='lat' dir='ltr'><strong>eciam</strong></span> <span class='ocrx_word' id='word_1_7' title='bbox 444 605 547 684; x_wconf 62' lang='lat' dir='ltr'><strong>magns</strong></span> <span class='ocrx_word' id='word_1_8' title='bbox 576 612 681 667; x_wconf 87' lang='lat' dir='ltr'><strong>certos</strong></span> <span class='ocrx_word' id='word_1_9' title='bbox 706 610 818 683; x_wconf 86' lang='lat' dir='ltr'><strong>parata</strong></span> <span class='ocrx_word' id='word_1_10' title='bbox 839 610 874 667; x_wconf 84' lang='lat' dir='ltr'><strong>et-</strong></span> <span class='ocrx_word' id='word_1_11' title='bbox 894 602 1057 684; x_wconf 84' lang='lat' dir='ltr'><strong>perscnali</strong></span> <span class='ocrx_word' id='word_1_12' title='bbox 1091 604 1230 685; x_wconf 83' lang='lat' dir='ltr'><strong>pecunia</strong></span> <span class='ocrx_word' id='word_1_13' title='bbox 1249 622 1311 674; x_wconf 74' lang='lat' dir='ltr'><strong>sua</strong></span> <span class='ocrx_word' id='word_1_14' title='bbox 1330 582 1388 673; x_wconf 60' lang='lat' dir='ltr'><strong>tle=</strong></span> 
     </span>
     <span class='ocr_line' id='line_1_3' title="bbox 57 714 1373 800; baseline 0.004 -18"><span class='ocrx_word' id='word_1_15' title='bbox 57 735 165 800; x_wconf 82' lang='lat' dir='ltr'><strong>regno</strong></span> <span class='ocrx_word' id='word_1_16' title='bbox 196 735 256 782; x_wconf 89' lang='lat' dir='ltr'><strong>suo</strong></span> <span class='ocrx_word' id='word_1_17' title='bbox 278 715 410 780; x_wconf 88' lang='lat' dir='ltr'><strong>Boemie</strong></span> <span class='ocrx_word' id='word_1_18' title='bbox 441 722 592 797; x_wconf 88' lang='lat' dir='ltr'><strong>percepta</strong></span> <span class='ocrx_word' id='word_1_19' title='bbox 622 716 776 780; x_wconf 80' lang='lat' dir='ltr'><strong>emendos</strong></span> <span class='ocrx_word' id='word_1_20' title='bbox 806 734 842 780; x_wconf 84' lang='lat' dir='ltr'><strong>ac</strong></span> <span class='ocrx_word' id='word_1_21' title='bbox 874 716 968 780; x_wconf 66' lang='lat' dir='ltr'><strong>(lictis</strong></span> <span class='ocrx_word' id='word_1_22' title='bbox 994 714 1098 780; x_wconf 83' lang='lat' dir='ltr'><strong>feudis</strong></span> <span class='ocrx_word' id='word_1_23' title='bbox 1125 724 1160 781; x_wconf 86' lang='lat' dir='ltr'><strong>et</strong></span> <span class='ocrx_word' id='word_1_24' title='bbox 1189 717 1373 787; x_wconf 73' lang='lat' dir='ltr'><strong>eccultus</strong></span> 
     </span>
     <span class='ocr_line' id='line_1_4' title="bbox 63 828 1373 912; baseline 0.002 -16"><span class='ocrx_word' id='word_1_25' title='bbox 63 835 98 897; x_wconf 96' lang='lat' dir='ltr'><strong>in</strong></span> <span class='ocrx_word' id='word_1_26' title='bbox 123 830 384 912; x_wconf 88' lang='lat' dir='ltr'><strong>supplementum</strong></span> <span class='ocrx_word' id='word_1_27' title='bbox 406 828 551 893; x_wconf 83' lang='lat' dir='ltr'><strong>deiectus</strong></span> <span class='ocrx_word' id='word_1_28' title='bbox 575 829 759 892; x_wconf 84' lang='lat' dir='ltr'><strong>huiusmodi</strong></span> <span class='ocrx_word' id='word_1_29' title='bbox 783 836 814 892; x_wconf 86' lang='lat' dir='ltr'><strong>et</strong></span> <span class='ocrx_word' id='word_1_30' title='bbox 838 836 1018 892; x_wconf 81' lang='lat' dir='ltr'><strong>restaurem</strong></span> <span class='ocrx_word' id='word_1_31' title='bbox 1041 829 1187 894; x_wconf 84' lang='lat' dir='ltr'><strong>eiusdem</strong></span> <span class='ocrx_word' id='word_1_32' title='bbox 1209 828 1373 899; x_wconf 85' lang='lat' dir='ltr'><strong>theolonei</strong></span> 
     </span>
     <span class='ocr_line' id='line_1_5' title="bbox 58 941 1372 1023; baseline 0.001 -14"><span class='ocrx_word' id='word_1_33' title='bbox 58 946 157 1009; x_wconf 75' lang='lat' dir='ltr'><strong>eluxit</strong></span> <span class='ocrx_word' id='word_1_34' title='bbox 177 942 289 1007; x_wconf 85' lang='lat' dir='ltr'><strong>taliter</strong></span> <span class='ocrx_word' id='word_1_35' title='bbox 311 942 476 1007; x_wconf 74' lang='lat' dir='ltr'><strong>verendos.</strong></span> <span class='ocrx_word' id='word_1_36' title='bbox 509 942 594 1023; x_wconf 87' lang='lat' dir='ltr'><strong>quod</strong></span> <span class='ocrx_word' id='word_1_37' title='bbox 618 941 760 1006; x_wconf 83' lang='lat' dir='ltr'><strong>euidenti</strong></span> <span class='ocrx_word' id='word_1_38' title='bbox 788 943 968 1023; x_wconf 89' lang='lat' dir='ltr'><strong>juratorum</strong></span> <span class='ocrx_word' id='word_1_39' title='bbox 996 942 1115 1006; x_wconf 82' lang='lat' dir='ltr'><strong>ciuium</strong></span> <span class='ocrx_word' id='word_1_40' title='bbox 1138 942 1372 1009; x_wconf 84' lang='lat' dir='ltr'><strong>Frauheuiuer-</strong></span> 
     </span>
     <span class='ocr_line' id='line_1_6' title="bbox 56 1052 1372 1136; baseline -0.001 -14"><span class='ocrx_word' id='word_1_41' title='bbox 56 1056 215 1122; x_wconf 86' lang='lat' dir='ltr'><strong>densium</strong></span> <span class='ocrx_word' id='word_1_42' title='bbox 236 1056 422 1120; x_wconf 86' lang='lat' dir='ltr'><strong>testimonio</strong></span> <span class='ocrx_word' id='word_1_43' title='bbox 443 1061 479 1118; x_wconf 89' lang='lat' dir='ltr'><strong>et</strong></span> <span class='ocrx_word' id='word_1_44' title='bbox 499 1052 674 1119; x_wconf 80' lang='lat' dir='ltr'>feudalium</span> <span class='ocrx_word' id='word_1_45' title='bbox 698 1054 840 1135; x_wconf 88' lang='lat' dir='ltr'><strong>ipsorum</strong></span> <span class='ocrx_word' id='word_1_46' title='bbox 865 1053 1065 1118; x_wconf 82' lang='lat' dir='ltr'><strong>confessione</strong></span> <span class='ocrx_word' id='word_1_47' title='bbox 1087 1062 1264 1136; x_wconf 81' lang='lat' dir='ltr'><strong>spontanea</strong></span> <span class='ocrx_word' id='word_1_48' title='bbox 1285 1055 1372 1121; x_wconf 77' lang='lat' dir='ltr'><strong>clere</strong></span> 
     </span>
     <span class='ocr_line' id='line_1_7' title="bbox 61 1164 1371 1249; baseline 0 -15"><span class='ocrx_word' id='word_1_49' title='bbox 61 1168 220 1246; x_wconf 80' lang='lat' dir='ltr'><strong>constitit,</strong></span> <span class='ocrx_word' id='word_1_50' title='bbox 244 1168 330 1232; x_wconf 89' lang='lat' dir='ltr'><strong>sicut</strong></span> <span class='ocrx_word' id='word_1_51' title='bbox 351 1173 485 1245; x_wconf 83' lang='lat' dir='ltr'><strong>constat¹</strong></span> <span class='ocrx_word' id='word_1_52' title='bbox 512 1165 617 1231; x_wconf 85' lang='lat' dir='ltr'><strong>leudis</strong></span> <span class='ocrx_word' id='word_1_53' title='bbox 639 1172 673 1230; x_wconf 88' lang='lat' dir='ltr'><strong>et</strong></span> <span class='ocrx_word' id='word_1_54' title='bbox 693 1164 874 1230; x_wconf 80' lang='lat' dir='ltr'><strong>feudalibus</strong></span> <span class='ocrx_word' id='word_1_55' title='bbox 898 1166 1068 1232; x_wconf 84' lang='lat' dir='ltr'><strong>antedictis</strong></span> <span class='ocrx_word' id='word_1_56' title='bbox 1087 1185 1185 1249; x_wconf 84' lang='lat' dir='ltr'><strong>super</strong></span> <span class='ocrx_word' id='word_1_57' title='bbox 1206 1168 1371 1234; x_wconf 84' lang='lat' dir='ltr'><strong>arrrocione</strong></span> 
     </span>
     <span class='ocr_line' id='line_1_8' title="bbox 58 1277 1370 1362; baseline 0 -16"><span class='ocrx_word' id='word_1_58' title='bbox 58 1292 94 1346; x_wconf 86' lang='lat' dir='ltr'><strong>et</strong></span> <span class='ocrx_word' id='word_1_59' title='bbox 127 1281 335 1362; x_wconf 87' lang='lat' dir='ltr'><strong>‹leposicione</strong></span> <span class='ocrx_word' id='word_1_60' title='bbox 365 1277 481 1361; x_wconf 84' lang='lat' dir='ltr'><strong>prelati</strong></span> <span class='ocrx_word' id='word_1_61' title='bbox 510 1277 673 1343; x_wconf 84' lang='lat' dir='ltr'><strong>theolonei</strong></span> <span class='ocrx_word' id='word_1_62' title='bbox 706 1295 779 1343; x_wconf 87' lang='lat' dir='ltr'><strong>esse</strong></span> <span class='ocrx_word' id='word_1_63' title='bbox 812 1296 883 1343; x_wconf 86' lang='lat' dir='ltr'><strong>rum</strong></span> <span class='ocrx_word' id='word_1_64' title='bbox 915 1278 1069 1359; x_wconf 77' lang='lat' dir='ltr'><strong>predictis</strong></span> <span class='ocrx_word' id='word_1_65' title='bbox 1099 1278 1277 1345; x_wconf 67' lang='lat' dir='ltr'>redditibus</span> <span class='ocrx_word' id='word_1_66' title='bbox 1307 1300 1370 1348; x_wconf 91' lang='lat' dir='ltr'><strong>uon</strong></span> 
     </span>
     <span class='ocr_line' id='line_1_9' title="bbox 59 1390 1370 1475; baseline 0.001 -17"><span class='ocrx_word' id='word_1_67' title='bbox 59 1395 172 1459; x_wconf 89' lang='lat' dir='ltr'><strong>solum</strong></span> <span class='ocrx_word' id='word_1_68' title='bbox 205 1392 247 1457; x_wconf 87' lang='lat' dir='ltr'><strong>ad</strong></span> <span class='ocrx_word' id='word_1_69' title='bbox 277 1393 364 1457; x_wconf 87' lang='lat' dir='ltr'><strong>iuste</strong></span> <span class='ocrx_word' id='word_1_70' title='bbox 397 1391 536 1457; x_wconf 79' lang='lat' dir='ltr'><strong>racionis</strong></span> <span class='ocrx_word' id='word_1_71' title='bbox 570 1390 845 1475; x_wconf 84' lang='lat' dir='ltr'><strong>equiualenciam,</strong></span> <span class='ocrx_word' id='word_1_72' title='bbox 882 1391 941 1455; x_wconf 85' lang='lat' dir='ltr'><strong>sed</strong></span> <span class='ocrx_word' id='word_1_73' title='bbox 975 1391 1077 1456; x_wconf 86' lang='lat' dir='ltr'><strong>eriam</strong></span> <span class='ocrx_word' id='word_1_74' title='bbox 1112 1390 1197 1456; x_wconf 76' lang='lat' dir='ltr'><strong>vltra</strong></span> <span class='ocrx_word' id='word_1_75' title='bbox 1228 1393 1370 1459; x_wconf 85' lang='lat' dir='ltr'><strong>debitum</strong></span> 
     </span>
     <span class='ocr_line' id='line_1_10' title="bbox 57 1502 1370 1587; baseline -0.001 -16"><span class='ocrx_word' id='word_1_76' title='bbox 57 1506 282 1585; x_wconf 68' lang='lat' dir='ltr'><strong>satisfactum</strong></span> <span class='ocrx_word' id='word_1_77' title='bbox 318 1524 377 1570; x_wconf 86' lang='lat' dir='ltr'><strong>nos</strong></span> <span class='ocrx_word' id='word_1_78' title='bbox 399 1510 551 1587; x_wconf 88' lang='lat' dir='ltr'><strong>tanquam</strong></span> <span class='ocrx_word' id='word_1_79' title='bbox 574 1502 800 1569; x_wconf 86' lang='lat' dir='ltr'><strong>Coloniensem</strong></span> <span class='ocrx_word' id='word_1_80' title='bbox 827 1502 1104 1586; x_wconf 90' lang='lat' dir='ltr'><strong>archiepiscopum</strong></span> <span class='ocrx_word' id='word_1_81' title='bbox 1133 1505 1217 1569; x_wconf 82' lang='lat' dir='ltr'><strong>sacri</strong></span> <span class='ocrx_word' id='word_1_82' title='bbox 1244 1505 1370 1587; x_wconf 81' lang='lat' dir='ltr'><strong>imperh</strong></span> 
     </span>
     <span class='ocr_line' id='line_1_11' title="bbox 59 1615 1371 1702; baseline -0.001 -19"><span class='ocrx_word' id='word_1_83' title='bbox 59 1639 119 1702; x_wconf 86' lang='lat' dir='ltr'><strong>per</strong></span> <span class='ocrx_word' id='word_1_84' title='bbox 143 1619 272 1683; x_wconf 87' lang='lat' dir='ltr'><strong>Italiam</strong></span> <span class='ocrx_word' id='word_1_85' title='bbox 286 1616 605 1684; x_wconf 74' lang='lat' dir='ltr'><strong>archicancellarium</strong></span> <span class='ocrx_word' id='word_1_86' title='bbox 627 1635 666 1682; x_wconf 89' lang='lat' dir='ltr'><strong>ac</strong></span> <span class='ocrx_word' id='word_1_87' title='bbox 689 1616 868 1698; x_wconf 89' lang='lat' dir='ltr'><strong>principem</strong></span> <span class='ocrx_word' id='word_1_88' title='bbox 891 1615 1063 1681; x_wconf 86' lang='lat' dir='ltr'><strong>electorem</strong></span> <span class='ocrx_word' id='word_1_89' title='bbox 1081 1616 1241 1682; x_wconf 88' lang='lat' dir='ltr'><strong>attencius</strong></span> <span class='ocrx_word' id='word_1_90' title='bbox 1264 1619 1371 1701; x_wconf 79' lang='lat' dir='ltr'><strong>requi·</strong></span> 
     </span>
     <span class='ocr_line' id='line_1_12' title="bbox 59 1727 1370 1813; baseline -0.001 -17"><span class='ocrx_word' id='word_1_91' title='bbox 59 1733 174 1811; x_wconf 79' lang='lat' dir='ltr'><strong>tendo,</strong></span> <span class='ocrx_word' id='word_1_92' title='bbox 197 1738 232 1796; x_wconf 86' lang='lat' dir='ltr'><strong>rt</strong></span> <span class='ocrx_word' id='word_1_93' title='bbox 260 1731 427 1813; x_wconf 89' lang='lat' dir='ltr'><strong>premissis</strong></span> <span class='ocrx_word' id='word_1_94' title='bbox 454 1729 602 1795; x_wconf 89' lang='lat' dir='ltr'><strong>omnibus</strong></span> <span class='ocrx_word' id='word_1_95' title='bbox 631 1734 666 1794; x_wconf 90' lang='lat' dir='ltr'><strong>et</strong></span> <span class='ocrx_word' id='word_1_96' title='bbox 696 1727 834 1810; x_wconf 83' lang='lat' dir='ltr'><strong>singulis</strong></span> <span class='ocrx_word' id='word_1_97' title='bbox 863 1733 1009 1794; x_wconf 75' lang='lat' dir='ltr'><strong>nochum</strong></span> <span class='ocrx_word' id='word_1_98' title='bbox 1039 1748 1097 1811; x_wconf 89' lang='lat' dir='ltr'><strong>pro</strong></span> <span class='ocrx_word' id='word_1_99' title='bbox 1121 1728 1296 1797; x_wconf 77' lang='lat' dir='ltr'><strong>stabilitate</strong></span> <span class='ocrx_word' id='word_1_100' title='bbox 1322 1730 1370 1796; x_wconf 87' lang='lat' dir='ltr'><strong>rei</strong></span> 
     </span>
     <span class='ocr_line' id='line_1_13' title="bbox 59 1840 1369 1928; baseline -0.001 -19"><span class='ocrx_word' id='word_1_101' title='bbox 59 1851 220 1928; x_wconf 86' lang='lat' dir='ltr'><strong>perpetua</strong></span> <span class='ocrx_word' id='word_1_102' title='bbox 233 1844 389 1909; x_wconf 81' lang='lat' dir='ltr'><strong>vellemus</strong></span> <span class='ocrx_word' id='word_1_103' title='bbox 411 1842 572 1926; x_wconf 79' lang='lat' dir='ltr'><strong>adhybere</strong></span> <span class='ocrx_word' id='word_1_104' title='bbox 597 1859 797 1921; x_wconf 91' lang='lat' dir='ltr'><strong>consensum,</strong></span> <span class='ocrx_word' id='word_1_105' title='bbox 821 1840 960 1923; x_wconf 88' lang='lat' dir='ltr'><strong>ideoque</strong></span> <span class='ocrx_word' id='word_1_106' title='bbox 984 1841 1106 1924; x_wconf 82' lang='lat' dir='ltr'><strong>liquido</strong></span> <span class='ocrx_word' id='word_1_107' title='bbox 1130 1847 1369 1923; x_wconf 69' lang='lat' dir='ltr'><strong>cognoscentes,</strong></span> 
     </span>
     <span class='ocr_line' id='line_1_14' title="bbox 58 1953 1370 2041; baseline -0.002 -20"><span class='ocrx_word' id='word_1_108' title='bbox 58 1958 151 2041; x_wconf 81' lang='lat' dir='ltr'><strong>qnod</strong></span> <span class='ocrx_word' id='word_1_109' title='bbox 171 1976 309 2038; x_wconf 83' lang='lat' dir='ltr'><strong>regnum</strong></span> <span class='ocrx_word' id='word_1_110' title='bbox 330 1960 364 2020; x_wconf 89' lang='lat' dir='ltr'><strong>et</strong></span> <span class='ocrx_word' id='word_1_111' title='bbox 386 1974 504 2021; x_wconf 90' lang='lat' dir='ltr'><strong>corona</strong></span> <span class='ocrx_word' id='word_1_112' title='bbox 516 1954 650 2020; x_wconf 91' lang='lat' dir='ltr'><strong>Boemie</strong></span> <span class='ocrx_word' id='word_1_113' title='bbox 665 1960 758 2019; x_wconf 92' lang='lat' dir='ltr'><strong>tanto</strong></span> <span class='ocrx_word' id='word_1_114' title='bbox 772 1959 937 2018; x_wconf 90' lang='lat' dir='ltr'><strong>merentur</strong></span> <span class='ocrx_word' id='word_1_115' title='bbox 950 1953 1164 2035; x_wconf 69' lang='lat' dir='ltr'><strong>prementiuis</strong></span> <span class='ocrx_word' id='word_1_116' title='bbox 1185 1954 1370 2035; x_wconf 84' lang='lat' dir='ltr'><strong>pociorihus</strong></span> 
     </span>
     <span class='ocr_line' id='line_1_15' title="bbox 62 2065 1368 2152; baseline -0.002 -18"><span class='ocrx_word' id='word_1_117' title='bbox 62 2069 240 2152; x_wconf 87' lang='lat' dir='ltr'><strong>preueniri,</strong></span> <span class='ocrx_word' id='word_1_118' title='bbox 271 2073 390 2150; x_wconf 89' lang='lat' dir='ltr'><strong>quanto</strong></span> <span class='ocrx_word' id='word_1_119' title='bbox 421 2067 580 2149; x_wconf 83' lang='lat' dir='ltr'><strong>insignior</strong></span> <span class='ocrx_word' id='word_1_120' title='bbox 601 2084 674 2133; x_wconf 87' lang='lat' dir='ltr'><strong>esse</strong></span> <span class='ocrx_word' id='word_1_121' title='bbox 696 2071 873 2132; x_wconf 90' lang='lat' dir='ltr'><strong>noscuntur</strong></span> <span class='ocrx_word' id='word_1_122' title='bbox 894 2071 928 2130; x_wconf 90' lang='lat' dir='ltr'><strong>et</strong></span> <span class='ocrx_word' id='word_1_123' title='bbox 950 2065 1100 2147; x_wconf 74' lang='lat' dir='ltr'><strong>egregius</strong></span> <span class='ocrx_word' id='word_1_124' title='bbox 1132 2066 1215 2131; x_wconf 82' lang='lat' dir='ltr'><strong>sacri</strong></span> <span class='ocrx_word' id='word_1_125' title='bbox 1242 2067 1368 2149; x_wconf 89' lang='lat' dir='ltr'><strong>imperii</strong></span> 
     </span>
     <span class='ocr_line' id='line_1_16' title="bbox 61 2178 1369 2264; baseline -0.003 -17"><span class='ocrx_word' id='word_1_126' title='bbox 61 2183 274 2264; x_wconf 79' lang='lat' dir='ltr'><strong>principatus,</strong></span> <span class='ocrx_word' id='word_1_127' title='bbox 303 2181 469 2263; x_wconf 86' lang='lat' dir='ltr'><strong>premissis</strong></span> <span class='ocrx_word' id='word_1_128' title='bbox 500 2179 648 2245; x_wconf 88' lang='lat' dir='ltr'><strong>omnibus</strong></span> <span class='ocrx_word' id='word_1_129' title='bbox 670 2184 705 2244; x_wconf 88' lang='lat' dir='ltr'><strong>et</strong></span> <span class='ocrx_word' id='word_1_130' title='bbox 726 2178 872 2259; x_wconf 83' lang='lat' dir='ltr'><strong>singulis,</strong></span> <span class='ocrx_word' id='word_1_131' title='bbox 905 2196 1051 2244; x_wconf 91' lang='lat' dir='ltr'><strong>necnon</strong></span> <span class='ocrx_word' id='word_1_132' title='bbox 1082 2184 1115 2243; x_wconf 91' lang='lat' dir='ltr'><strong>et</strong></span> <span class='ocrx_word' id='word_1_133' title='bbox 1145 2178 1237 2259; x_wconf 88' lang='lat' dir='ltr'><strong>penis</strong></span> <span class='ocrx_word' id='word_1_134' title='bbox 1264 2184 1369 2244; x_wconf 79' lang='lat' dir='ltr'><strong>hans·</strong></span> 
     </span>
     <span class='ocr_line' id='line_1_17' title="bbox 60 2290 1368 2375; baseline -0.003 -14"><span class='ocrx_word' id='word_1_135' title='bbox 60 2294 265 2375; x_wconf 67' lang='lat' dir='ltr'><strong>messoribus</strong></span> <span class='ocrx_word' id='word_1_136' title='bbox 281 2291 420 2373; x_wconf 90' lang='lat' dir='ltr'><strong>inflictis,</strong></span> <span class='ocrx_word' id='word_1_137' title='bbox 443 2293 527 2359; x_wconf 90' lang='lat' dir='ltr'><strong>sicut</strong></span> <span class='ocrx_word' id='word_1_138' title='bbox 540 2293 574 2359; x_wconf 94' lang='lat' dir='ltr'><strong>in</strong></span> <span class='ocrx_word' id='word_1_139' title='bbox 590 2290 811 2374; x_wconf 80' lang='lat' dir='ltr'><strong>imperialibus</strong></span> <span class='ocrx_word' id='word_1_140' title='bbox 826 2290 1008 2373; x_wconf 86' lang='lat' dir='ltr'><strong>priuilegiis</strong></span> <span class='ocrx_word' id='word_1_141' title='bbox 1024 2309 1121 2373; x_wconf 88' lang='lat' dir='ltr'><strong>super</strong></span> <span class='ocrx_word' id='word_1_142' title='bbox 1136 2291 1199 2357; x_wconf 89' lang='lat' dir='ltr'><strong>hiis</strong></span> <span class='ocrx_word' id='word_1_143' title='bbox 1215 2291 1368 2359; x_wconf 83' lang='lat' dir='ltr'><strong>conlectis</strong></span> 
     </span>
     <span class='ocr_line' id='line_1_18' title="bbox 60 2403 1368 2499; baseline -0.001 -28"><span class='ocrx_word' id='word_1_144' title='bbox 60 2407 193 2490; x_wconf 91' lang='lat' dir='ltr'><strong>plenius</strong></span> <span class='ocrx_word' id='word_1_145' title='bbox 218 2407 407 2485; x_wconf 81' lang='lat' dir='ltr'><strong>continetur,</strong></span> <span class='ocrx_word' id='word_1_146' title='bbox 432 2424 623 2471; x_wconf 89' lang='lat' dir='ltr'><strong>consensum</strong></span> <span class='ocrx_word' id='word_1_147' title='bbox 646 2409 791 2469; x_wconf 89' lang='lat' dir='ltr'><strong>nostrum</strong></span> <span class='ocrx_word' id='word_1_148' title='bbox 814 2404 1001 2469; x_wconf 89' lang='lat' dir='ltr'><strong>beniuolum</strong></span> <span class='ocrx_word' id='word_1_149' title='bbox 1027 2403 1237 2487; x_wconf 85' lang='lat' dir='ltr'><strong>adhybuimus</strong></span> <span class='ocrx_word' id='word_1_150' title='bbox 1260 2423 1297 2499; x_wconf 80' lang='lat' dir='ltr'><strong>ac</strong></span> <span class='ocrx_word' id='word_1_151' title='bbox 1313 2405 1368 2470; x_wconf 84' lang='lat' dir='ltr'><strong>ad·</strong></span> 
     </span>
     <span class='ocr_line' id='line_1_19' title="bbox 59 2514 1368 2603; baseline -0.001 -20"><span class='ocrx_word' id='word_1_152' title='bbox 59 2521 218 2603; x_wconf 77' lang='lat' dir='ltr'><strong>hyhemus</strong></span> <span class='ocrx_word' id='word_1_153' title='bbox 233 2525 344 2583; x_wconf 89' lang='lat' dir='ltr'><strong>tenore</strong></span> <span class='ocrx_word' id='word_1_154' title='bbox 359 2519 561 2600; x_wconf 88' lang='lat' dir='ltr'><strong>presencium</strong></span> <span class='ocrx_word' id='word_1_155' title='bbox 576 2524 609 2583; x_wconf 93' lang='lat' dir='ltr'><strong>et</strong></span> <span class='ocrx_word' id='word_1_156' title='bbox 623 2535 801 2596; x_wconf 83' lang='lat' dir='ltr'><strong>assensum,</strong></span> <span class='ocrx_word' id='word_1_157' title='bbox 825 2516 1004 2599; x_wconf 87' lang='lat' dir='ltr'><strong>eademque</strong></span> <span class='ocrx_word' id='word_1_158' title='bbox 1019 2515 1171 2582; x_wconf 79' lang='lat' dir='ltr'><strong>uniuersa</strong></span> <span class='ocrx_word' id='word_1_159' title='bbox 1189 2520 1224 2581; x_wconf 90' lang='lat' dir='ltr'><strong>et</strong></span> <span class='ocrx_word' id='word_1_160' title='bbox 1241 2514 1368 2596; x_wconf 68' lang='lat' dir='ltr'><strong>singulo</strong></span> 
     </span>
     <span class='ocr_line' id='line_1_20' title="bbox 58 2627 1368 2712; baseline -0.001 -16"><span class='ocrx_word' id='word_1_161' title='bbox 58 2648 93 2710; x_wconf 73' lang='lat' dir='ltr'><strong>in</strong></span> <span class='ocrx_word' id='word_1_162' title='bbox 126 2632 251 2697; x_wconf 89' lang='lat' dir='ltr'><strong>cunctis</strong></span> <span class='ocrx_word' id='word_1_163' title='bbox 287 2631 477 2709; x_wconf 74' lang='lat' dir='ltr'><strong>sentenciis,</strong></span> <span class='ocrx_word' id='word_1_164' title='bbox 511 2631 647 2712; x_wconf 80' lang='lat' dir='ltr'><strong>punctio,</strong></span> <span class='ocrx_word' id='word_1_165' title='bbox 683 2629 828 2694; x_wconf 87' lang='lat' dir='ltr'><strong>articulis</strong></span> <span class='ocrx_word' id='word_1_166' title='bbox 858 2630 926 2694; x_wconf 86' lang='lat' dir='ltr'><strong>suis</strong></span> <span class='ocrx_word' id='word_1_167' title='bbox 957 2634 991 2694; x_wconf 91' lang='lat' dir='ltr'><strong>et</strong></span> <span class='ocrx_word' id='word_1_168' title='bbox 1022 2627 1176 2696; x_wconf 88' lang='lat' dir='ltr'><strong>clausulis</strong></span> <span class='ocrx_word' id='word_1_169' title='bbox 1206 2633 1368 2711; x_wconf 67' lang='lat' dir='ltr'><strong>mmquam</strong></span> 
     </span>
     <span class='ocr_line' id='line_1_21' title="bbox 60 2740 1367 2826; baseline -0.002 -16"><span class='ocrx_word' id='word_1_170' title='bbox 60 2744 264 2810; x_wconf 86' lang='lat' dir='ltr'><strong>Coloniensis</strong></span> <span class='ocrx_word' id='word_1_171' title='bbox 287 2744 555 2826; x_wconf 83' lang='lat' dir='ltr'><strong>archiepiscopus,</strong></span> <span class='ocrx_word' id='word_1_172' title='bbox 580 2743 662 2808; x_wconf 89' lang='lat' dir='ltr'><strong>sacri</strong></span> <span class='ocrx_word' id='word_1_173' title='bbox 685 2743 811 2824; x_wconf 90' lang='lat' dir='ltr'><strong>imperii</strong></span> <span class='ocrx_word' id='word_1_174' title='bbox 835 2761 892 2824; x_wconf 90' lang='lat' dir='ltr'><strong>per</strong></span> <span class='ocrx_word' id='word_1_175' title='bbox 909 2740 1047 2807; x_wconf 89' lang='lat' dir='ltr'><strong>Ytaliam</strong></span> <span class='ocrx_word' id='word_1_176' title='bbox 1065 2740 1367 2808; x_wconf 78' lang='lat' dir='ltr'><strong>archicancellarius</strong></span> 
     </span>
     <span class='ocr_line' id='line_1_22' title="bbox 59 2853 1368 2937; baseline -0.001 -16"><span class='ocrx_word' id='word_1_177' title='bbox 59 2877 96 2922; x_wconf 90' lang='lat' dir='ltr'><strong>ac</strong></span> <span class='ocrx_word' id='word_1_178' title='bbox 120 2857 270 2937; x_wconf 90' lang='lat' dir='ltr'><strong>princeps</strong></span> <span class='ocrx_word' id='word_1_179' title='bbox 293 2856 423 2935; x_wconf 89' lang='lat' dir='ltr'><strong>elector,</strong></span> <span class='ocrx_word' id='word_1_180' title='bbox 446 2853 650 2933; x_wconf 88' lang='lat' dir='ltr'><strong>ratificamus,</strong></span> <span class='ocrx_word' id='word_1_181' title='bbox 675 2853 900 2935; x_wconf 76' lang='lat' dir='ltr'><strong>gratificamus,</strong></span> <span class='ocrx_word' id='word_1_182' title='bbox 925 2855 1157 2920; x_wconf 83' lang='lat' dir='ltr'><strong>auctorizamus</strong></span> <span class='ocrx_word' id='word_1_183' title='bbox 1173 2861 1260 2920; x_wconf 84' lang='lat' dir='ltr'><strong>etex</strong></span> <span class='ocrx_word' id='word_1_184' title='bbox 1280 2861 1368 2920; x_wconf 83' lang='lat' dir='ltr'><strong>certe</strong></span> 
     </span>
     <span class='ocr_line' id='line_1_23' title="bbox 58 2967 1365 3051; baseline 0 -18"><span class='ocrx_word' id='word_1_185' title='bbox 58 2975 172 3033; x_wconf 87' lang='lat' dir='ltr'><strong>nostra</strong></span> <span class='ocrx_word' id='word_1_186' title='bbox 193 2969 332 3034; x_wconf 88' lang='lat' dir='ltr'><strong>sciencia</strong></span> <span class='ocrx_word' id='word_1_187' title='bbox 347 2969 570 3051; x_wconf 88' lang='lat' dir='ltr'><strong>approbamus.</strong></span> <span class='ocrx_word' id='word_1_188' title='bbox 594 2968 631 3031; x_wconf 94' lang='lat' dir='ltr'><strong>In</strong></span> <span class='ocrx_word' id='word_1_189' title='bbox 655 2967 745 3032; x_wconf 88' lang='lat' dir='ltr'><strong>cuius</strong></span> <span class='ocrx_word' id='word_1_190' title='bbox 765 2968 813 3033; x_wconf 89' lang='lat' dir='ltr'><strong>rei</strong></span> <span class='ocrx_word' id='word_1_191' title='bbox 835 2967 1054 3032; x_wconf 87' lang='lat' dir='ltr'><strong>testimonium</strong></span> <span class='ocrx_word' id='word_1_192' title='bbox 1069 2973 1103 3032; x_wconf 90' lang='lat' dir='ltr'><strong>et</strong></span> <span class='ocrx_word' id='word_1_193' title='bbox 1115 2967 1163 3034; x_wconf 88' lang='lat' dir='ltr'><strong>rei</strong></span> <span class='ocrx_word' id='word_1_194' title='bbox 1178 2968 1365 3033; x_wconf 86' lang='lat' dir='ltr'><strong>memoriam</strong></span> 
     </span>
     <span class='ocr_line' id='line_1_24' title="bbox 57 3079 1366 3164; baseline -0.002 -18"><span class='ocrx_word' id='word_1_195' title='bbox 57 3082 290 3162; x_wconf 82' lang='lat' dir='ltr'><strong>sempiternam</strong></span> <span class='ocrx_word' id='word_1_196' title='bbox 319 3087 485 3164; x_wconf 87' lang='lat' dir='ltr'><strong>presentes</strong></span> <span class='ocrx_word' id='word_1_197' title='bbox 515 3080 640 3145; x_wconf 85' lang='lat' dir='ltr'><strong>litteras</strong></span> <span class='ocrx_word' id='word_1_198' title='bbox 671 3080 740 3146; x_wconf 88' lang='lat' dir='ltr'><strong>fieri</strong></span> <span class='ocrx_word' id='word_1_199' title='bbox 772 3085 805 3146; x_wconf 89' lang='lat' dir='ltr'><strong>et</strong></span> <span class='ocrx_word' id='word_1_200' title='bbox 827 3079 927 3162; x_wconf 81' lang='lat' dir='ltr'><strong>sigilli</strong></span> <span class='ocrx_word' id='word_1_201' title='bbox 949 3079 1051 3144; x_wconf 88' lang='lat' dir='ltr'><strong>nostri</strong></span> <span class='ocrx_word' id='word_1_202' title='bbox 1073 3079 1204 3145; x_wconf 86' lang='lat' dir='ltr'><strong>rnoioris</strong></span> <span class='ocrx_word' id='word_1_203' title='bbox 1232 3079 1366 3146; x_wconf 87' lang='lat' dir='ltr'><strong>lecimus</strong></span> 
     </span>
     <span class='ocr_line' id='line_1_25' title="bbox 59 3190 1365 3277; baseline -0.001 -19"><span class='ocrx_word' id='word_1_204' title='bbox 59 3191 288 3277; x_wconf 85' lang='lat' dir='ltr'><strong>ap[p]ensione</strong></span> <span class='ocrx_word' id='word_1_205' title='bbox 311 3193 438 3259; x_wconf 91' lang='lat' dir='ltr'><strong>muniri.</strong></span> <span class='ocrx_word' id='word_1_206' title='bbox 464 3193 583 3258; x_wconf 89' lang='lat' dir='ltr'><strong>Datum</strong></span> <span class='ocrx_word' id='word_1_207' title='bbox 596 3192 792 3276; x_wconf 81' lang='lat' dir='ltr'><strong>Aquisgrani</strong></span> <span class='ocrx_word' id='word_1_208' title='bbox 807 3210 889 3257; x_wconf 92' lang='lat' dir='ltr'><strong>anno</strong></span> <span class='ocrx_word' id='word_1_209' title='bbox 914 3191 1034 3255; x_wconf 88' lang='lat' dir='ltr'><strong>domini</strong></span> <span class='ocrx_word' id='word_1_210' title='bbox 1048 3190 1219 3257; x_wconf 87' lang='lat' dir='ltr'><strong>millesimo</strong></span> <span class='ocrx_word' id='word_1_211' title='bbox 1242 3197 1365 3258; x_wconf 90' lang='lat' dir='ltr'><strong>treccu·</strong></span> 
     </span>
     <span class='ocr_line' id='line_1_26' title="bbox 53 3302 1123 3389; baseline -0.004 -16"><span class='ocrx_word' id='word_1_212' title='bbox 53 3307 177 3373; x_wconf 86' lang='lat' dir='ltr'><strong>tesimc</strong></span> <span class='ocrx_word' id='word_1_213' title='bbox 200 3307 463 3389; x_wconf 80' lang='lat' dir='ltr'><strong>quinquagesimo</strong></span> <span class='ocrx_word' id='word_1_214' title='bbox 486 3324 579 3385; x_wconf 92' lang='lat' dir='ltr'><strong>nono,</strong></span> <span class='ocrx_word' id='word_1_215' title='bbox 604 3306 656 3371; x_wconf 89' lang='lat' dir='ltr'><strong>die</strong></span> <span class='ocrx_word' id='word_1_216' title='bbox 680 3302 802 3369; x_wconf 85' lang='lat' dir='ltr'>XXVII</span> <span class='ocrx_word' id='word_1_217' title='bbox 824 3303 945 3369; x_wconf 88' lang='lat' dir='ltr'><strong>mensis</strong></span> <span class='ocrx_word' id='word_1_218' title='bbox 969 3302 1123 3387; x_wconf 88' lang='lat' dir='ltr'><strong>Marci[i].</strong></span> 
     </span>
    </p>
   </div>
   <div class='ocr_carea' id='block_1_3' title="bbox 165 3482 1259 3555">
    <p class='ocr_par' dir='ltr' id='par_1_3' title="bbox 165 3482 1259 3555">
     <span class='ocr_line' id='line_1_27' title="bbox 165 3482 1259 3555; baseline -0.004 -15"><span class='ocrx_word' id='word_1_219' title='bbox 165 3486 249 3540; x_wconf 83' lang='lat' dir='ltr'><strong>Liber</strong></span> <span class='ocrx_word' id='word_1_220' title='bbox 266 3486 468 3540; x_wconf 81' lang='lat' dir='ltr'><strong>vetustissimus</strong></span> <span class='ocrx_word' id='word_1_221' title='bbox 489 3484 691 3555; x_wconf 77' lang='lat' dir='ltr'><strong>privilegiorum</strong></span> <span class='ocrx_word' id='word_1_222' title='bbox 711 3485 733 3536; x_wconf 81' lang='lat' dir='ltr'><strong>c.</strong></span> <span class='ocrx_word' id='word_1_223' title='bbox 752 3488 803 3536; x_wconf 76' lang='grc'><strong>993</strong></span> <span class='ocrx_word' id='word_1_224' title='bbox 824 3489 872 3536; x_wconf 85' lang='lat' dir='ltr'><strong>atr.</strong></span> <span class='ocrx_word' id='word_1_225' title='bbox 891 3488 924 3535; x_wconf 76' lang='lat'><strong>‘26</strong></span> <span class='ocrx_word' id='word_1_226' title='bbox 943 3500 959 3535; x_wconf 83' lang='lat' dir='ltr'><strong>r</strong></span> <span class='ocrx_word' id='word_1_227' title='bbox 979 3483 1089 3536; x_wconf 86' lang='lat' dir='ltr'><strong>archivo</strong></span> <span class='ocrx_word' id='word_1_228' title='bbox 1107 3500 1142 3537; x_wconf 87' lang='lat' dir='ltr'><strong>m.</strong></span> <span class='ocrx_word' id='word_1_229' title='bbox 1162 3482 1259 3550; x_wconf 79' lang='lat' dir='ltr'><strong>l‘rahp.</strong></span> 
     </span>
    </p>
   </div>
   <div class='ocr_carea' id='block_1_4' title="bbox 643 3796 784 3881">
    <p class='ocr_par' dir='ltr' id='par_1_4' title="bbox 643 3796 784 3881">
     <span class='ocr_line' id='line_1_28' title="bbox 643 3796 784 3881; baseline 0 -2"><span class='ocrx_word' id='word_1_230' title='bbox 643 3796 708 3881; x_wconf 66' lang='lat' dir='ltr'><strong>Cis.</strong></span> <span class='ocrx_word' id='word_1_231' title='bbox 733 3814 784 3879; x_wconf 80' lang='lat' dir='ltr'><strong>ll.</strong></span> 
     </span>
    </p>
   </div>
   <div class='ocr_carea' id='block_1_5' title="bbox 438 4002 983 4089">
    <p class='ocr_par' dir='ltr' id='par_1_5' title="bbox 438 4002 983 4089">
     <span class='ocr_line' id='line_1_29' title="bbox 438 4002 983 4089; baseline -0.002 -18"><span class='ocrx_word' id='word_1_232' title='bbox 438 4003 541 4073; x_wconf 76' lang='lat'><strong>1359.</strong></span> <span class='ocrx_word' id='word_1_233' title='bbox 578 4003 635 4072; x_wconf 80' lang='lat'><strong>2⁷.</strong></span> <span class='ocrx_word' id='word_1_234' title='bbox 658 4004 811 4072; x_wconf 76' lang='lat' dir='ltr'><strong>bienna.</strong></span> <span class='ocrx_word' id='word_1_235' title='bbox 847 4002 983 4089; x_wconf 77' lang='lat' dir='ltr'><strong>occup.</strong></span> 
     </span>
    </p>
   </div>
   <div class='ocr_carea' id='block_1_6' title="bbox 56 4176 1362 4616">
    <p class='ocr_par' dir='ltr' id='par_1_6' title="bbox 56 4176 1362 4616">
     <span class='ocr_line' id='line_1_30' title="bbox 57 4176 1362 4281; baseline -0.004 -23"><span class='ocrx_word' id='word_1_236' title='bbox 57 4196 191 4281; x_wconf 77' lang='lat' dir='ltr'><strong>Budolf</strong></span> <span class='ocrx_word' id='word_1_237' title='bbox 215 4195 331 4259; x_wconf 67' lang='lat' dir='ltr'><strong>sevodo</strong></span> <span class='ocrx_word' id='word_1_238' title='bbox 354 4193 466 4279; x_wconf 63' lang='lat' dir='ltr'><strong>Sosky,</strong></span> <span class='ocrx_word' id='word_1_239' title='bbox 499 4199 563 4258; x_wconf 61' lang='grc' dir='ltr'><strong>ἥδε</strong></span> <span class='ocrx_word' id='word_1_240' title='bbox 592 4176 723 4258; x_wconf 64' lang='grc' dir='ltr'><strong>Ῐῖἰηιεῖιέ</strong></span> <span class='ocrx_word' id='word_1_241' title='bbox 748 4193 973 4258; x_wconf 69' lang='lat' dir='ltr'><strong>arcimaridlck</strong></span> <span class='ocrx_word' id='word_1_242' title='bbox 994 4217 1016 4257; x_wconf 85' lang='lat' dir='ltr'><strong><em>a</em></strong></span> <span class='ocrx_word' id='word_1_243' title='bbox 1036 4192 1158 4257; x_wconf 79' lang='lat' dir='ltr'><strong>uolcccc</strong></span> <span class='ocrx_word' id='word_1_244' title='bbox 1186 4190 1362 4277; x_wconf 75' lang='lat' dir='ltr'><strong>(Rudoljus</strong></span> 
     </span>
     <span class='ocr_line' id='line_1_31' title="bbox 57 4305 1360 4390; baseline -0.003 -19"><span class='ocrx_word' id='word_1_245' title='bbox 57 4309 129 4372; x_wconf 76' lang='lat' dir='ltr'><strong>dux</strong></span> <span class='ocrx_word' id='word_1_246' title='bbox 150 4306 289 4371; x_wconf 73' lang='lat' dir='ltr'><strong>Saxonis</strong></span> <span class='ocrx_word' id='word_1_247' title='bbox 319 4308 405 4370; x_wconf 77' lang='lat' dir='ltr'><strong>socri</strong></span> <span class='ocrx_word' id='word_1_248' title='bbox 427 4306 566 4370; x_wconf 78' lang='lat' dir='ltr'><strong>Rcauom&#39;</strong></span> <span class='ocrx_word' id='word_1_249' title='bbox 593 4307 723 4390; x_wconf 79' lang='lat' dir='ltr'><strong>imperii</strong></span> <span class='ocrx_word' id='word_1_250' title='bbox 743 4305 1051 4389; x_wconf 75' lang='lat' dir='ltr'><strong>acclaimoreacolcuc)</strong></span> <span class='ocrx_word' id='word_1_251' title='bbox 1077 4307 1239 4390; x_wconf 76' lang='lat' dir='ltr'><strong>potemije</strong></span> <span class='ocrx_word' id='word_1_252' title='bbox 1262 4305 1360 4368; x_wconf 79' lang='lat' dir='ltr'><strong>lietera</strong></span> 
     </span>
     <span class='ocr_line' id='line_1_32' title="bbox 56 4416 1361 4503; baseline -0.002 -19"><span class='ocrx_word' id='word_1_253' title='bbox 56 4422 196 4503; x_wconf 62' lang='lat' dir='ltr'><strong>ccejaeaeto</strong></span> <span class='ocrx_word' id='word_1_254' title='bbox 228 4423 319 4482; x_wconf 59' lang='lat' dir='ltr'><strong>cocci</strong></span> <span class='ocrx_word' id='word_1_255' title='bbox 345 4418 522 4485; x_wconf 77' lang='lat' dir='ltr'><strong>cecobozcai</strong></span> <span class='ocrx_word' id='word_1_256' title='bbox 543 4418 720 4495; x_wconf 64' lang='lat' dir='ltr'><strong>Proiecto,</strong></span> <span class='ocrx_word' id='word_1_257' title='bbox 751 4417 1009 4503; x_wconf 77' lang='lat' dir='ltr'><strong>Vracielavclcp&#39;ct,</strong></span> <span class='ocrx_word' id='word_1_258' title='bbox 1042 4416 1207 4482; x_wconf 75' lang='lat' dir='ltr'><strong>Homilulv</strong></span> <span class='ocrx_word' id='word_1_259' title='bbox 1230 4441 1251 4481; x_wconf 83' lang='lat' dir='ltr'><strong>a</strong></span> <span class='ocrx_word' id='word_1_260' title='bbox 1274 4418 1361 4482; x_wconf 70' lang='lat' dir='ltr'><strong>›Selle-</strong></span> 
     </span>
     <span class='ocr_line' id='line_1_33' title="bbox 57 4528 1362 4616; baseline -0.002 -21"><span class='ocrx_word' id='word_1_261' title='bbox 57 4532 211 4616; x_wconf 69' lang='lat' dir='ltr'><strong>boa&#39;alcy&#39;ch</strong></span> <span class='ocrx_word' id='word_1_262' title='bbox 232 4531 274 4594; x_wconf 84' lang='lat' dir='ltr'><strong>od</strong></span> <span class='ocrx_word' id='word_1_263' title='bbox 298 4533 428 4615; x_wconf 73' lang='lat' dir='ltr'><strong>placeri</strong></span> <span class='ocrx_word' id='word_1_264' title='bbox 456 4533 505 4595; x_wconf 86' lang='lat' dir='ltr'><strong>cla</strong></span> <span class='ocrx_word' id='word_1_265' title='bbox 527 4554 561 4596; x_wconf 83' lang='lat' dir='ltr'><strong>cc</strong></span> <span class='ocrx_word' id='word_1_266' title='bbox 584 4528 785 4616; x_wconf 62' lang='lat' dir='ltr'><strong>Frankfurtc</strong></span> <span class='ocrx_word' id='word_1_267' title='bbox 808 4530 875 4593; x_wconf 77' lang='lat' dir='ltr'><strong>aad</strong></span> <span class='ocrx_word' id='word_1_268' title='bbox 897 4529 1072 4595; x_wconf 76' lang='lat' dir='ltr'><strong>Molsanorn.</strong></span> <span class='ocrx_word' id='word_1_269' title='bbox 1103 4528 1224 4594; x_wconf 82' lang='lat' dir='ltr'><strong>Datum</strong></span> <span class='ocrx_word' id='word_1_270' title='bbox 1246 4528 1362 4614; x_wconf 73' lang='lat' dir='ltr'><strong>Aquis·</strong></span> 
     </span>
    </p>
   </div>
   <div class='ocr_carea' id='block_1_7' title="bbox 0 0 1550 5370">
    <p class='ocr_par' dir='ltr' id='par_1_7' title="bbox 0 0 1550 5370">
     <span class='ocr_line' id='line_1_34' title="bbox 0 0 1550 5370; baseline 0 1"><span class='ocrx_word' id='word_1_271' title='bbox 0 0 1550 5370; x_wconf 95' lang='lat' dir='ltr'><strong> </strong></span> 
     </span>
    </p>
   </div>
  </div>
 </body>
</html>
