3068 5160
696 329 771 378 raro.
1340 329 1382 394 23

111 529 218 607 crudo,
242 535 342 595 noemi
356 533 392 617 je
414 554 451 594 zo
470 532 628 614 propitii
649 530 708 595 dni
723 554 768 615 po
785 532 934 617 pray'ezdu
950 535 1032 596 suern
1048 531 1177 597 rrikorou
1197 533 1387 599 zPodokolc'

111 651 148 703 nd
156 648 206 727 jen
228 647 370 707 mddtoou
382 643 571 707 Praiekc‘mo
592 645 724 727 predati
737 669 759 709 a
772 650 804 708 ic
816 645 923 721 rrikdo,
947 644 1016 708 bod
1026 648 1142 708 mitian
1165 644 1234 710 bod
1244 646 1384 732 ubycatel

110 753 297 841 Podakolalcy',
328 761 420 819 cremat
442 757 591 841 plaocdm
618 779 661 841 po
700 755 812 822 Wravt
835 757 911 821 nebo
942 780 984 841 po
1019 755 1086 821 Mti
1112 759 1231 822 modici
1254 760 1385 843 aoproti

108 869 279 954 odrqooeoti
299 870 340 934 od
361 871 432 932 nich
463 871 549 933 dccvi
569 893 613 932 oa
635 874 718 944 ceatd,
748 876 806 934 uei
829 872 936 954 teprve‘
961 868 1082 956 kdpibp
1098 871 1241 953 pudorati.
1287 871 1385 935 Dr‘ivc'

105 977 121 1037 k
133 983 233 1064 podoni
254 989 348 1046 uemu'
368 983 459 1046 odbec
476 982 664 1066 proddca‘no
683 981 750 1066 byei
770 1005 814 1047 aa
835 981 920 1058 codd,
944 988 1001 1047 nei
1020 992 1106 1067 upra
1129 981 1249 1068 kdpubp
1262 1007 1306 1047 no
1321 1005 1384 1047 zcm

612 1100 758 1180 oytuleno
781 1096 859 1181 bylo.

185 1321 350 1387 Johannes
375 1323 426 1387 dei
450 1323 558 1404 gracia
580 1323 711 1388 Boemie
734 1328 767 1389 et
788 1323 920 1388 Polonie
951 1342 1007 1388 rex
1031 1341 1069 1387 ac
1091 1321 1381 1404 Lucemburgensis

97 1451 199 1499 comes.
246 1434 404 1499 Omnibus
428 1434 471 1499 im
495 1441 693 1516 perpetuum.
736 1434 785 1499 Ad
807 1435 867 1499 hoc
890 1453 998 1499 curam
1021 1434 1189 1515 regiminis
1211 1452 1383 1516 regnorum

97 1548 174 1612 nobis
197 1549 386 1612 estimamus
410 1549 621 1629 commissam,
645 1553 679 1612 vt
694 1548 846 1614 subiectis
861 1548 954 1613 nobis
969 1546 1097 1630 populis
1115 1547 1233 1629 rigoris
1255 1547 1383 1613 iusticie

97 1659 214 1725 nimium
246 1679 309 1724 uon
339 1660 484 1725 laxantes
514 1660 665 1739 habenas,
697 1665 786 1725 actus
820 1659 963 1740 ipsorum
993 1659 1054 1724 sub
1088 1659 1245 1741 condigno
1276 1660 1383 1741 rigore
1485 1724 1489 1732 ,

97 1773 209 1837 usticie
241 1790 417 1852 arceamus,
448 1774 495 1838 sic
525 1773 610 1856 quod
640 1792 685 1852 se,
716 1772 789 1855 plus
820 1791 915 1854 quam
937 1771 1043 1850 liceat
1073 1790 1139 1837 non
1160 1770 1309 1837 fraudent
1329 1772 1382 1838 vel

97 1884 336 1950 circumueniant
364 1886 579 1966 permutatim.
622 1885 801 1968 Eapropter
831 1885 871 1950 ad
900 1886 1122 1951 uniuersorum
1148 1884 1298 1949 noticiam
1328 1903 1383 1950 vo-

98 2015 185 2060 umus
216 1998 396 2078 peruenire,
428 1996 513 2079 quod
541 2003 713 2079 pensantes
744 1998 879 2063 dilectos
909 1998 1002 2064 nobis
1033 1997 1121 2063 ciues
1144 1996 1277 2062 Maioris
1305 1996 1383 2061 ciui-

97 2111 155 2173 atis
179 2116 290 2174 nostre
313 2109 483 2191 Pragensis
513 2110 703 2193 plerumque
726 2109 759 2175 in
781 2109 849 2175 foro
879 2110 1039 2192 lignorum
1070 2113 1217 2190 aptorum
1247 2107 1383 2174 edificiis

97 2241 138 2285 ›er
159 2240 226 2302 eos,
253 2223 307 2303 qui
331 2222 363 2286 in
387 2222 521 2286 Poczkal
545 2242 601 2304 pre
624 2222 724 2287 muris
747 2223 890 2288 eiusdem
913 2222 1054 2287 ciuitatis
1077 2227 1185 2287 nostre
1212 2221 1382 2303 Progensis

97 2335 234 2413 resident,
258 2334 363 2416 decipi
386 2340 418 2399 et
441 2335 594 2401 hactenus
617 2353 689 2400 esse
704 2335 865 2417 deceptos,
889 2335 1098 2416 volentesque
1120 2339 1250 2414 propter
1263 2333 1381 2399 bonum

97 2447 222 2512 ciuitatis
257 2447 368 2528 ipsius,
401 2447 491 2511 cuius
521 2447 741 2513 emendacioni
770 2446 932 2513 feruentes
961 2445 1165 2525 intendimus,
1198 2444 1381 2509 huiusmodi

97 2559 274 2642 dampnosus
298 2559 590 2625 circumuenciones
614 2560 753 2626 adimere
776 2566 808 2626 et
830 2559 957 2642 penitus
973 2559 1149 2638 annullare,
1172 2557 1381 2640 disponimus,

97 2672 266 2736 ordinamus
290 2677 322 2736 et
345 2673 523 2752 statuimus,
548 2673 736 2737 mandantes
759 2673 798 2737 ab
822 2672 969 2737 omnibus
991 2672 1155 2753 perpetuis
1184 2669 1382 2752 temporibus

97 2783 258 2861 obseruari,
277 2789 312 2847 vt
335 2784 515 2866 quicunque
535 2790 655 2849 struem
674 2784 833 2865 lignorum
856 2802 950 2849 unam
973 2784 1023 2848 vel
1045 2784 1154 2865 piures
1176 2802 1234 2865 per
1254 2781 1382 2848 alueum

98 2891 209 2961 Wltaue
233 2895 403 2960 adduxerit
422 2902 454 2959 et
469 2895 502 2958 in
516 2895 652 2959 Poczkal
674 2894 866 2976 applicuerit
887 2914 959 2961 cum
981 2896 1112 2976 eisdem,
1137 2896 1220 2962 infra
1242 2897 1382 2961 triduum

102 3009 269 3073 continuum
286 3028 305 3071 a
320 3007 373 3072 die
389 3007 617 3088 applicacionis
634 3025 690 3071 sue
706 3007 952 3088 computandum
967 3008 1048 3072 nulli
1065 3008 1104 3072 de
1120 3008 1256 3073 Poczkal
1271 3009 1383 3074 eadem

102 3114 170 3197 ligna
192 3120 332 3184 vendere
363 3119 486 3198 debeat,
519 3119 576 3183 sed
600 3119 663 3183 ciui
688 3139 745 3184 seu
769 3120 894 3185 ciuibus
918 3120 1059 3185 ciuitatis
1082 3126 1191 3185 nostre
1221 3122 1381 3202 predicte;

102 3247 147 3308 qno
169 3233 299 3314 quidem
321 3233 427 3296 triduo
452 3233 603 3312 preterito
627 3237 661 3296 et
682 3231 792 3312 elapso
816 3233 895 3313 phas
923 3232 985 3296 erit
999 3232 1266 3297 Poczkalensibus
1294 3233 1382 3313 ligna

104 3339 154 3420 ipsa
174 3363 282 3410 emere
305 3351 339 3409 et
360 3350 467 3424 empta
490 3363 547 3424 per
568 3343 700 3408 biduum
725 3345 910 3408 continuum
934 3362 1063 3409 seruare
1086 3343 1174 3410 licite
1198 3363 1236 3408 ao
1259 3350 1378 3423 tenere,

104 3457 143 3519 sed
163 3458 214 3522 die
237 3457 421 3521 immediate
445 3455 564 3520 dictum
586 3456 718 3520 biduum
734 3461 948 3537 consequente
971 3460 1044 3520 ante
1067 3456 1244 3534 meridiem,
1268 3455 1296 3519 si
1313 3454 1382 3518 fieri

104 3570 208 3650 poerit,
233 3569 322 3650 ligna
344 3569 456 3633 eadem
479 3569 519 3632 de
535 3588 619 3650 aqua
641 3568 776 3632 educere
792 3572 825 3631 et
839 3568 977 3633 vendere
999 3574 1150 3649 poterunt
1172 3567 1256 3630 iusto
1273 3566 1381 3648 precio

104 3680 272 3763 cuicunque.
296 3682 376 3745 Item
400 3682 579 3759 statuimus,
602 3680 747 3744 volentes
760 3684 793 3744 et
805 3680 865 3744 hoc
881 3679 920 3745 ab
944 3657 1091 3745 omnibus
1113 3684 1267 3761 perpetuo
1290 3678 1382 3742 stric-

103 3791 153 3857 dus
186 3795 362 3874 obseruari,
398 3801 432 3858 ut
461 3814 520 3858 nec
551 3795 632 3858 ciuis
662 3812 720 3859 nec
743 3793 975 3873 Poczkalensis‚
1011 3813 1070 3859 nec
1092 3793 1175 3858 alius
1199 3791 1380 3874 quicunque

103 3906 232 3988 cuiquam
255 3915 375 3973 struem
398 3907 448 3971 vel
473 3914 577 3971 strues
600 3907 759 3987 lignorum
788 3925 846 3988 per
875 3906 1045 3970 decursum
1070 3905 1196 3970 Wltaue
1220 3922 1277 3970 seu
1299 3903 1382 3968 Mise

101 4018 211 4083 vehenti
233 4025 365 4101 propter
394 4019 564 4083 emendum
593 4019 682 4100 ligna
704 4038 871 4084 occurrere
894 4018 944 4083 vel
975 4037 1072 4100 super
1102 4019 1204 4083 altera
1226 4017 1383 4082 dictarum

99 4146 247 4210 aquarum,
281 4137 453 4212 antequam
484 4151 522 4194 ea
552 4131 671 4197 ducens
702 4151 773 4196 cum
804 4131 900 4213 lignis
931 4130 1010 4212 ipsis
1042 4130 1241 4212 applicuerit,
1276 4148 1382 4195 emere

97 4243 200 4307 audeat
221 4244 273 4307 vei
296 4251 468 4323 presumat,
500 4244 613 4308 sedin
636 4244 719 4309 silua
741 4244 830 4325 ligna
859 4243 1024 4308 succidere
1045 4242 1097 4308 vel
1128 4243 1254 4308 succisa
1276 4261 1382 4309 emere

97 4355 215 4421 cuilibet
237 4357 280 4419 sit
302 4355 427 4419 licitum
450 4362 483 4420 et
505 4355 673 4421 indultum.
725 4357 876 4421 Preterea
905 4355 1076 4420 statuimus
1099 4360 1132 4421 et
1153 4355 1213 4421 hoc
1235 4356 1384 4421 similiter

97 4468 268 4532 ndistincte
287 4467 435 4532 uolumus
459 4487 585 4549 semper
607 4469 647 4533 ab
670 4469 817 4532 omnibus
840 4459 1015 4547 obseruari,
1038 4474 1073 4533 vt
1094 4467 1175 4533 nulli
1198 4469 1326 4551 penitus
1350 4469 1384 4533 in
