3090 5370
812 404 884 450 1304.

302 611 365 673 Nos
391 609 598 673 ll'eucezlaus
622 608 673 672 dei
697 608 805 688 gracia
827 607 957 672 Boemie
980 611 1012 671 et
1033 604 1165 670 l'olouie
1189 623 1253 668 rex.
1280 601 1401 667 Notum
1424 620 1492 668 esse

197 725 341 786 vohuuus
368 722 526 787 uniuersis
553 727 696 786 tenorem
718 720 918 801 presencium
941 719 1108 796 audituris,
1133 717 1218 799 quod
1234 716 1429 782 uniuersitas
1452 714 1493 777 ci·

198 838 285 899 uium
308 842 416 900 nostre
439 834 580 917 Antique
602 833 744 899 ciuitatis
765 831 936 911 l‘ragensis
959 845 1017 896 uec
1040 850 1109 895 nou
1128 831 1215 894 ciues
1237 827 1330 894 Noue
1354 827 1492 892 ciuitatis

196 948 365 1027 Propensis
388 946 448 1011 sub
471 951 576 1011 castro
598 944 753 1021 videntes
777 944 863 1026 quod
878 944 946 1024 ipse
964 944 1112 1008 ciuitates
1130 942 1231 1007 multa
1247 942 1442 1007 detrimenta
1463 945 1494 1004 et

196 1062 333 1140 dampna
355 1059 511 1139 recipiant
525 1063 558 1122 et
572 1056 753 1140 receperint
769 1076 788 1120 a
802 1056 999 1137 temporibus
1014 1056 1183 1121 retroactis
1205 1060 1337 1136 propter
1350 1054 1492 1135 hospites

197 1173 236 1236 de
260 1171 501 1253 quibuscunque
524 1170 618 1234 terris
643 1188 701 1233 sua
724 1169 930 1232 mercimonia
951 1168 1051 1251 ligata
1073 1173 1106 1233 et
1127 1186 1191 1232 non
1213 1166 1314 1248 ligata
1336 1167 1371 1231 in
1394 1167 1494 1230 dictas

196 1285 344 1348 ciuitates
375 1283 578 1359 adducentes
610 1282 650 1346 de
674 1286 783 1345 nostra
813 1280 946 1361 speciali
976 1280 1084 1361 gracia
1107 1285 1140 1344 et
1161 1278 1272 1344 fauore
1302 1285 1494 1358 statuerunt,

196 1403 229 1460 vt
252 1396 514 1478 quandocumque
537 1395 615 1459 ilicti
638 1395 780 1474 hospites
804 1412 875 1457 cum
899 1394 966 1458 suis
989 1392 1206 1458 mercimoniis
1228 1392 1270 1457 ad
1293 1393 1398 1456 dictas
1419 1392 1495 1457 ciui·

195 1517 277 1572 tates
301 1508 454 1585 venerint,
486 1508 519 1572 iu
550 1507 629 1588 ipsis
660 1505 845 1571 ciuitatibus
876 1512 962 1571 stare
992 1506 1110 1570 debent
1138 1510 1172 1570 et
1202 1523 1262 1572 sua
1287 1505 1497 1569 mercimonia

197 1623 313 1685 ibidem
337 1621 496 1701 deponere
512 1619 563 1683 vel
580 1622 650 1701 ipsa
665 1619 832 1698 deducere,
856 1619 884 1682 si
908 1619 956 1683 eis
978 1617 1093 1699 placet,
1117 1618 1199 1682 etsi
1224 1618 1367 1699 quinque
1383 1618 1496 1681 diebus

197 1736 229 1797 iu
252 1734 345 1797 dictis
369 1733 553 1797 ciuitatibus
576 1730 761 1811 manserint,
792 1737 868 1795 tunc
891 1730 1009 1795 debent
1030 1748 1089 1795 sue
1111 1730 1320 1794 mercimonia
1341 1729 1496 1811 disligare

197 1866 301 1910 coram
332 1845 456 1910 duobus
484 1844 593 1927 probis
616 1845 694 1908 viris
725 1850 758 1908 et
786 1844 921 1924 notario,
952 1843 1007 1925 qui
1037 1863 1095 1924 per
1123 1844 1208 1907 cives
1239 1834 1284 1907 ad'
1310 1843 1372 1907 hoc
1402 1842 1496 1907 electi

195 1959 321 2036 fuerint,
345 1964 378 2021 et
398 1962 475 2022 tunc
497 1957 582 2022 dicta
611 1956 819 2021 mercimonia
847 1955 1030 2021 nullatenus
1057 1955 1097 2021 de
1120 1955 1306 2020 ciuitatibus
1336 1955 1496 2019 deducere

196 2076 380 2149 teneantur3
413 2070 498 2150 quod
528 2070 556 2133 si
586 2087 649 2134 non
679 2069 829 2148 facerent,
861 2075 976 2133 extunc
998 2068 1040 2132 ad
1062 2068 1259 2132 solucionem
1289 2069 1389 2132 trium
1414 2088 1497 2132 mar-

196 2203 302 2248 carum
337 2183 460 2262 argenti
493 2183 621 2247 nomine
654 2201 735 2263 pene
765 2183 835 2246 sine
868 2181 1055 2245 difficultate
1087 2179 1231 2262 qualibet
1256 2185 1429 2245 teneantur
1464 2187 1496 2246 et

193 2295 418 2360 nichilominus
441 2295 593 2375 disligare
616 2294 702 2359 dicta
723 2294 930 2359 mercimonia
951 2294 1145 2358 tenebuntur
1167 2293 1226 2359 sub
1250 2292 1494 2358 condicionibus

196 2409 342 2490 superius
364 2407 551 2489 prenotatis.
575 2407 655 2471 Item
679 2413 868 2484 statuerunt,
892 2411 925 2469 vt
940 2405 1017 2471 dicti
1040 2405 1182 2487 hospites
1205 2423 1264 2470 sua
1286 2406 1497 2470 mercimonia

195 2541 257 2587 nou
288 2521 426 2585 debeant
454 2520 487 2584 iu
518 2521 588 2600 ipsa
619 2519 749 2584 ciuitate
779 2519 933 2597 Propensi
963 2517 1036 2583 aliis
1059 2518 1239 2600 hospitibus
1262 2517 1413 2597 vendere,
1437 2519 1494 2583 sed

194 2640 318 2709 tautum
348 2631 562 2712 Praqensibus
593 2636 625 2695 et
655 2631 790 2696 aliarum
820 2631 986 2696 ciuitatum
1017 2636 1197 2696 nostrarum
1228 2632 1267 2696 de
1298 2631 1435 2696 Boemia
1464 2638 1497 2695 ct

196 2745 341 2810 hlorauia
364 2744 497 2821 ciuibus,
529 2743 584 2825 qui
615 2743 764 2808 collectas
796 2761 870 2808 suas
893 2749 927 2809 et
948 2742 1013 2808 alia
1043 2744 1114 2808 iura
1144 2744 1311 2808 ciuitatum
1334 2742 1442 2809 facere
1465 2750 1498 2809 et

196 2858 359 2922 (exsolvere
382 2862 639 2934 ‹eonsueue1·unt;
671 2856 807 2938 quodsi
837 2876 901 2921 nou
930 2856 1080 2935 iacerent,
1111 2864 1254 2924 extunc
1283 2861 1350 2920 tam
1379 2858 1497 2939 hospes

195 2970 335 3034 vendens
367 2988 462 3050 quam
495 2986 604 3033 emens
637 2987 719 3049 pene
753 2968 917 3034 subiaceat
949 2975 1131 3051 prenotate,
1165 2969 1210 3035 ita
1243 2970 1328 3051 quod
1359 2970 1499 3051 quilibet

194 3102 304 3148 eorum
320 3083 360 3147 ad
375 3082 572 3147 solucionem
593 3082 690 3146 trium
713 3101 891 3146 marcarum
915 3082 1037 3160 argenti
1054 3082 1124 3147 siue
1139 3081 1326 3146 difficultate
1351 3081 1499 3163 qualibet

194 3201 351 3274 teneatur,
375 3201 408 3260 et
430 3201 495 3259 tem
510 3194 655 3260 vendicio
678 3212 774 3275 quam
796 3195 897 3259 emcio
921 3194 1209 3272 mercimoniorum,
1233 3213 1295 3276 que
1314 3193 1400 3259 facts
1423 3213 1497 3260 esse

195 3306 380 3384 dinoscitur,
404 3305 524 3370 nullius
547 3306 671 3371 roboris
690 3305 808 3370 habeat
828 3305 1020 3384 firmitatem,
1044 3312 1078 3370 et
1100 3307 1127 3370 si
1149 3324 1231 3371 unus
1254 3325 1366 3372 eorum
1389 3325 1497 3373 reces-

196 3419 274 3484 serit
296 3422 329 3482 et
351 3418 433 3483 alter
455 3420 654 3498 remanserit,
685 3419 770 3484 idem
801 3419 857 3502 qui
878 3419 1079 3498 remanserit,
1110 3437 1225 3500 penam
1255 3418 1383 3485 solvere
1406 3425 1495 3485 tene·

196 3533 282 3596 bitur
304 3530 510 3612 duplicatam.
553 3531 635 3596 Item
666 3537 855 3611 statuerunt,
878 3536 913 3595 vt
934 3531 1070 3614 quilibet
1090 3531 1208 3614 hospes
1237 3532 1399 3613 recipiens
1423 3533 1495 3596 hos·

196 3646 277 3727 pites
300 3649 469 3710 extraneos
492 3643 532 3707 ad
554 3644 732 3726 hospicium
766 3662 859 3709 suurn
888 3645 973 3725 apud
1002 3645 1132 3709 eosdem
1162 3644 1305 3726 hospites
1336 3663 1494 3728 nusquam

195 3759 290 3823 debet
311 3775 418 3823 emere
434 3755 543 3838 aliqua
561 3756 776 3836 mercimonia,
791 3762 824 3820 et
838 3757 866 3820 si
882 3755 999 3837 hospes
1021 3762 1086 3821 tam
1109 3775 1217 3822 emens
1241 3775 1336 3838 quam
1353 3759 1494 3823 vendens

194 3889 286 3936 secus
316 3870 459 3947 iecerint,
490 3875 606 3933 extunc
636 3868 772 3950 quilibet
800 3888 911 3933 eorum
938 3869 978 3934 ad
1001 3869 1197 3934 solucionem
1227 3888 1283 3935 sex
1315 3888 1491 3935 marcarum

193 3984 317 4063 argenti
339 3983 467 4048 nomine
489 4001 571 4063 pene
587 3983 656 4048 sine
672 3981 859 4047 difficultate
874 3981 1018 4064 qualibet
1033 3987 1188 4061 teneatur,
1213 3988 1246 4047 et
1265 3981 1492 4048 nichilominus

193 4095 316 4174 empcio
339 4101 372 4159 et
392 4095 548 4175 vendicio,
580 4113 642 4176 que
664 4093 749 4159 facta
771 4111 842 4159 esse
866 4094 1051 4173 dinoscitur,
1076 4094 1196 4158 nullius
1226 4094 1353 4159 roboris
1377 4095 1494 4160 habeat

194 4203 385 4272 firmitatem.
429 4208 510 4272 Item
534 4212 722 4278 statuerunt,
753 4206 839 4288 quod
862 4181 1141 4288 quocienscunque
1164 4206 1281 4288 aliquis
1305 4227 1344 4271 er
1369 4209 1494 4273 ciuibus

193 4316 360 4398 utriusque
383 4318 522 4384 ciuitatis
545 4338 603 4401 per
626 4319 706 4383 duos
730 4319 816 4383 viros
839 4320 988 4401 ydoneos,
1022 4320 1137 4402 quihus
1160 4317 1239 4384 fides
1267 4320 1413 4389 adhiberi
1438 4341 1493 4402 po·

193 4427 278 4506 terit,
309 4427 490 4511 inculpatus
519 4431 624 4511 iuem't,
656 4432 741 4514 quod
771 4432 956 4497 societatem
987 4433 1019 4496 iu
1043 4433 1229 4497 vendicioue
1261 4437 1294 4497 et
1324 4434 1492 4514 empcione

194 4539 471 4607 mercimoniorum
501 4543 649 4610 habuerit
679 4564 752 4609 cum
776 4544 955 4625 hospitibus
989 4543 1171 4624 sepedictis,
1203 4544 1288 4609 idem
1311 4544 1496 4626 inculpatus
