3068 5160
689 387 763 436 rasa.
1311 387 1372 451 169

67 598 101 655 et
131 593 305 673 priuilegia
327 599 359 657 et
382 592 489 657 onmia
512 592 544 655 in
567 592 689 656 eisdem
719 597 867 656 contenta
896 593 929 655 in
960 593 1107 657 omnibus
1138 594 1205 657 suis
1235 596 1371 677 punctiS,

68 704 237 783 clausulis
270 705 442 770 sentenciis
472 710 505 769 et
534 705 689 784 articulis,
721 711 816 787 prout
838 704 877 769 de
900 703 997 769 verbo
1021 705 1062 768 ad
1084 703 1215 768 verbum
1246 724 1373 787 expres·

68 824 185 882 santur
208 819 366 899 superius,
390 836 427 882 ac
450 818 551 882 eciam
582 822 687 882 cetera
717 819 859 898 ipsorum
885 813 1008 882 litteras
1039 823 1072 882 et
1100 817 1272 898 priuilegia
1294 819 1374 899 ipsis

68 930 242 995 abeodem
265 931 409 1012 genitore
432 935 541 995 nostro
565 948 662 1012 super
684 947 795 994 eorum
815 930 952 1013 juribus,
975 929 1093 1011 graciis
1116 935 1149 994 et
1170 929 1374 995 libertatibus

66 1044 191 1108 tradita
213 1048 245 1107 ot
268 1061 429 1121 concessa,
452 1049 548 1123 prout
570 1043 603 1107 iu
626 1043 693 1108 suis
715 1043 890 1122 tenoribus
915 1043 1098 1121 sentenciis
1121 1042 1259 1124 punctis,
1287 1041 1373 1106 clau-

68 1157 153 1220 sulis
177 1162 210 1219 et
233 1155 376 1220 articulis
400 1161 552 1238 concepta
575 1160 649 1219 sunt
671 1160 703 1220 et
725 1159 820 1238 prout
842 1155 964 1220 eisdem
995 1155 1149 1220 hactenus
1171 1154 1221 1218 vsi
1244 1140 1318 1218 sunt
1341 1157 1373 1217 et

69 1269 207 1349 prouide
236 1274 470 1348 processerunt,
501 1268 568 1331 acsi
598 1268 637 1331 de
667 1268 764 1332 verbo
795 1267 990 1331 adverbum
1021 1266 1223 1348 presentibus
1254 1266 1374 1344 inserte

68 1381 187 1459 forent,
211 1380 468 1461 approbauimnS,
491 1379 731 1458 ratificauimus,
756 1379 1023 1457 confirmauimuS,
1051 1378 1274 1459 approbamus,
1298 1378 1374 1441 rati·

70 1493 205 1558 ficamus
228 1498 261 1557 et
283 1494 472 1557 auctoritate
495 1494 585 1574 regia
606 1492 737 1556 Boomie
760 1491 938 1574 graciosius
961 1491 1195 1556 confirmamus.
1240 1491 1375 1571 Insuper

69 1626 109 1671 er
133 1610 244 1669 nostre
267 1605 487 1670 munificencie
511 1605 619 1686 gracia
640 1604 772 1686 speciali
794 1610 828 1669 et
850 1605 1014 1686 signanter
1035 1622 1093 1685 pro
1116 1602 1269 1668 tollendis
1292 1603 1376 1666 inter

69 1719 176 1782 dictos
201 1718 289 1782 ciues
305 1723 338 1782 et
352 1718 474 1782 incolas
490 1718 581 1783 Noue
598 1719 738 1784 ciuitatis
755 1718 859 1782 litium
881 1716 1053 1781 amfractus
1076 1715 1254 1780 addicimus
1271 1715 1375 1779 edicto

70 1831 163 1912 regio
187 1831 325 1895 valituro
349 1837 500 1913 perpetue
523 1836 710 1910 statuentes,
734 1831 820 1914 quod
843 1829 984 1894 vniuersi
1008 1829 1095 1893 ciues
1118 1832 1151 1893 et
1173 1828 1277 1893 incole
1298 1827 1376 1892 ciui-

70 1944 149 2008 tatis
180 1943 336 2020 eiusdem,
367 1942 400 2006 in
433 1943 676 2025 quibuscunque
706 1943 799 2007 nouis
830 1942 881 2006 uel
914 1942 1055 2023 antiquis
1078 1941 1162 2005 areis
1186 1940 1374 2019 residentes,

72 2058 204 2121 inantea
220 2056 252 2118 in
270 2055 411 2136 ipsorum
434 2056 518 2119 areis
542 2073 624 2138 equa
643 2055 800 2134 libertate,
826 2054 1011 2119 condicione
1027 2053 1080 2117 uel
1096 2053 1190 2118 modo
1207 2052 1376 2117 ceruisiam

71 2167 217 2232 uniuersi
241 2168 367 2248 generis
383 2168 517 2232 braxarc
533 2173 565 2232 et
579 2167 780 2246 braxatoriiS,
803 2167 1003 2232 brasiatoriis
1019 2172 1052 2231 et
1067 2165 1245 2230 siccatoriis
1265 2183 1375 2229 eorum

71 2282 116 2345 ιιι
142 2285 175 2344 et
199 2281 339 2361 gaudere
368 2282 493 2361 possint
522 2286 554 2345 et
576 2280 713 2359 valeant,
744 2278 980 2360 impedimentis
1010 2277 1130 2341 mutuis
1156 2277 1304 2342 etunius
1335 2276 1375 2339 ad

71 2394 213 2457 alterum
237 2411 273 2456 ac
296 2393 397 2458 eciam
427 2393 563 2457 aliorum
594 2410 845 2474 quorumcunque
877 2390 1075 2455 cessantibus
1102 2394 1136 2453 et
1159 2407 1223 2454 non
1246 2387 1375 2452 obstan·

72 2506 161 2569 tibus
185 2505 439 2587 quibuscunque
466 2504 683 2568 Inhibemus'
674 2505 734 2585 igit
736 2524 773 2567 ur
795 2503 954 2567 uniuersis
977 2507 1010 2566 et
996 2500 1167 2582 tsingulis
1184 2499 1376 2565 officialibus

72 2624 105 2680 et
122 2617 242 2681 ceteris
258 2615 406 2680 fidelibus
425 2621 498 2680 nost
500 2616 553 2694 ris,
572 2615 789 2696 cuiuscunque
806 2613 1001 2679 condicionis
1016 2612 1197 2693 luerintet
1164 2614 1377 2695 etsiguanter

70 2729 184 2810 judici,
210 2727 450 2792 consulibuset
436 2729 585 2809 tjuratis
600 2727 733 2792 Maioris
757 2729 854 2791 ciuita
836 2727 897 2791 atis
912 2727 1092 2808 PragensiS,
1119 2732 1250 2808 present
1236 2725 1322 2791 tibus
1345 2731 1378 2790 et

75 2841 202 2917 iuturiS,
226 2840 360 2904 firmiter
375 2847 409 2904 et
423 2841 577 2919 districte,
601 2860 641 2904 ne
660 2840 822 2922 predictos
839 2841 926 2903 ciues
943 2843 975 2905 et
989 2840 1111 2904 incolas
1127 2846 1160 2905 et
1177 2858 1288 2904 eorum
1306 2857 1377 2903 suc·

77 2971 222 3017 cessores
239 2954 410 3016 aduersum
426 2952 608 3016 huiusmodi
630 2958 739 3016 nostre
760 2951 1012 3016 confirmacionis
1036 2958 1068 3016 et
1090 2953 1284 3017 adieccionis
1307 2971 1377 3033 gra-

80 3066 157 3128 ciam
182 3065 216 3128 in
239 3065 391 3144 predictis
415 3083 525 3128 eorum
545 3064 681 3145 juribus,
711 3064 923 3143 libertatibus
954 3065 1071 3146 graciis
1095 3071 1128 3128 ct
1149 3064 1377 3129 emunitatibus

81 3178 255 3258 impediant
271 3178 321 3240 rel
338 3179 445 3241 sinant
460 3177 608 3257 impediri
631 3177 878 3258 quomodolibet,
902 3195 1006 3259 ymmo
1022 3177 1133 3258 pocius
1149 3178 1278 3241 eosdem
1295 3177 1379 3240 circa

83 3289 155 3353 talia
177 3289 317 3367 loueant,
341 3294 576 3366 manuteneant,
602 3294 772 3370 protegant
794 3295 826 3353 et
847 3293 997 3353 tueantur
1020 3288 1192 3353 efficaciter
1214 3287 1273 3352 sub
1295 3304 1379 3366 pena

88 3401 313 3482 indignacionis
336 3407 443 3466 nostre
463 3402 664 3482 grauissime,
688 3419 793 3482 quam,
817 3400 872 3482 qui
895 3418 988 3463 secus
1008 3404 1196 3480 attemptare
1212 3415 1378 3479 presump-

22 3552 25 3556 -
92 3513 166 3591 serit,
198 3532 233 3577 se
264 3514 391 3577 nouerit
421 3515 587 3578 ineruisse.
631 3512 835 3576 Presencium
866 3513 924 3577 sub
955 3513 1042 3592 regie
1068 3518 1177 3576 nostre
1200 3508 1378 3573 maiestatis

96 3623 230 3695 sigillet
216 3632 281 3689 test
283 3626 401 3689 imonio
431 3626 470 3689 lit
471 3631 621 3689 terarmum
666 3624 784 3687 Datum
814 3623 915 3705 Prage
945 3641 1027 3687 anno
1060 3622 1181 3687 domini
1207 3619 1377 3683 millesimo

99 3730 353 3815 dcccxxxlsst
370 3737 557 3802 duodecimo
573 3735 727 3800 kalendas
739 3735 759 3799 J
761 3754 895 3814 anuarn
912 3753 1082 3816 regnorum
1099 3739 1280 3798 nostrorum
1295 3750 1377 3795 anno

10 3828 30 3905 ζ
103 3839 211 3913 boemie
235 3849 338 3928 XXP,
362 3850 576 3914 Romanorum
600 3867 674 3912 vero
699 3854 823 3912 octauo.

26 4110 60 4141 -,·
187 4062 327 4117 Obsaieuo
345 4079 361 4114 v
379 4063 538 4116 konlirmaci
562 4062 694 4130 privilegii
717 4064 804 4116 eisaie
829 4060 976 4128 Sigmunda
1000 4060 1025 4114 d.
1044 4077 1059 4112 v
1077 4061 1162 4114 Praze
1182 4068 1204 4113 1.
1223 4060 1294 4128 iijna
1312 4065 1379 4112 1436

110 4155 226 4210 varena
245 4175 278 4211 m.
297 4158 386 4226 many
404 4158 424 4223 ι,
449 4160 471 4211 ι.
493 4163 531 4210 ιι.
550 4186 584 4193 -
603 4139 692 4225 cesar
717 4157 841 4225 pozueju
864 4154 980 4224 premar
998 4173 1013 4207 v
1032 4155 1111 4208 inae
1131 4154 1290 4222 „numaga
1307 4152 1379 4206 Neo-

11 4234 52 4291 Τ
111 4238 201 4312 luga&
221 4256 242 4306 d.
263 4259 293 4305 19
314 4261 360 4306 str.
382 4260 394 4305 1
414 4269 430 4303 r
449 4253 559 4305 archiru
577 4269 612 4305 rn.
630 4250 727 4319 Praby.
764 4252 864 4304 liromd
882 4250 970 4304 eisaie
989 4249 1136 4316 Sigmunda
1157 4247 1285 4318 potrrdili
1302 4254 1379 4302 tento

10 4337 41 4387 T
113 4331 298 4401 1ἰιῑιιιιιιιιιιιιιι
322 4348 343 4400 Ι.
367 4364 403 4401 na
427 4346 511 4400 bradd
536 4347 683 4400 Praislrem
707 4353 731 4399 4.
757 4346 882 4414 prosince
912 4351 992 4413 15583
1020 4343 1175 4398 Ferdinand
1192 4343 1226 4398 Il.
1245 4359 1277 4397 re
1295 4342 1379 4397 Vidni

10 4432 68 4497 ,τι
117 4431 225 4494 llerina
248 4449 328 4510 16273
352 4442 507 4496 Ferdinand
531 4443 578 4496 111
596 4441 790 4509 vPreipurlru
815 4448 855 4495 13.
881 4442 981 4493 kvdtna
1005 4445 1087 4505 1649,
1110 4438 1197 4492 biario
1220 4439 1330 4492 Teresia
1349 4452 1379 4489 ve

11 4547 72 4607 1152?
119 4519 177 4580 lirini
194 4541 255 4589 19
244 4555 340 4592 cerrna
360 4545 425 4592 llll
445 4556 460 4591 ι
479 4539 562 4591 bran
564 4537 623 4591 rselr
641 4538 662 4591 l
680 4553 712 4590 ve
730 4536 812 4590 Vidni
832 4543 871 4589 13.
892 4535 991 4588 lrvdtna
1010 4539 1085 4587 1808.
