3068 5160
693 385 767 433 1118.
1038 366 1041 372 ’
1314 380 1378 443 215

72 594 221 659 fidelium
237 599 419 657 nostrorum
435 593 605 656 accedente
622 590 765 670 consilio,
782 589 971 654 anctoritate
987 595 1096 654 nostra
1111 591 1210 671 regia,
1234 591 1273 655 de
1290 597 1378 656 certa

72 715 189 770 nostra
211 706 351 769 sciencia
367 710 399 768 et
413 704 502 783 regie
525 703 725 767 celsitudinis
743 703 851 783 gracia
867 701 1023 782 singulari
1045 702 1104 767 hoc
1127 702 1227 783 regali
1250 710 1283 767 et
1305 724 1376 784 per·-

72 830 173 901 petuo
186 818 322 882 valituro
338 817 507 880 statuimus
523 823 556 879 et
570 815 747 879 sanccimus
767 814 881 892 edicto,
905 814 990 897 quod
1005 831 1129 878 exnunc
1143 815 1272 878 inantea
1288 817 1376 880 nulla

72 932 255 1013 spiritualis
277 948 424 1011 persona,
448 930 491 992 sit
513 927 667 992 secularis
691 933 747 990 aut
769 926 929 1008 religiosa,
958 926 1173 1008 cuiuscunque
1196 926 1292 1005 tituli,
1316 930 1372 993 ho·

73 1046 175 1122 narie,
200 1049 312 1119 status,
337 1041 464 1123 gradus,
488 1045 544 1103 aut
566 1038 760 1104 condicionis
784 1040 908 1117 existat,
933 1040 976 1103 sit
997 1039 1156 1120 indigena,
1183 1039 1373 1122 alienigena,

72 1164 129 1221 aut
152 1157 278 1220 aduena
301 1154 516 1235 cuiuscunque
540 1151 677 1216 diocesis
697 1151 837 1233 aliquem
860 1170 916 1216 seu
937 1151 1061 1235 aliquos
1078 1154 1174 1231 ciues,
1198 1152 1319 1217 incolas
1343 1159 1376 1217 et

72 1269 306 1332 inhabitatores
322 1266 464 1347 predicte
480 1264 612 1328 Maioris
628 1269 737 1328 nostre
753 1264 892 1328 ciuitatis
908 1263 1078 1344 Prageusis
1094 1265 1126 1328 iu
1142 1270 1175 1328 et
1189 1282 1285 1345 super
1304 1266 1374 1347 qui·

71 1383 261 1462 buscnnque
282 1379 397 1457 causis
422 1376 641 1459 questionibus
665 1394 722 1439 seu
745 1375 855 1440 litibus
879 1375 1038 1452 ciuilibus,
1063 1375 1282 1441 criminalibus
1306 1379 1375 1441 siue

70 1495 192 1570 mixtis,
209 1498 264 1556 aut
279 1511 317 1555 ex
334 1492 381 1555 eis
397 1490 650 1572 dependentibus
667 1506 773 1552 coram
788 1506 978 1571 quocunque
990 1487 1099 1570 judice
1115 1489 1275 1569 spirituali
1286 1497 1376 1554 extra

71 1624 208 1686 regnum
231 1604 362 1667 Boemie
393 1609 448 1667 aut
478 1603 547 1665 eius
578 1600 697 1665 limites
728 1619 785 1665 seu
816 1606 905 1665 extra
934 1618 1042 1665 muros
1069 1601 1209 1665 ciuitatis
1231 1602 1373 1683 predicte

73 1720 161 1789 citet,
194 1721 315 1792 euocet,
349 1715 449 1793 citari,
481 1715 609 1779 euocari
641 1720 696 1777 aut
717 1713 750 1778 in
771 1715 824 1796 jus
853 1713 937 1778 trahi
962 1719 1112 1795 procuret
1134 1713 1373 1795 quomodolibet

73 1849 132 1894 seu
157 1830 315 1909 disponat,
339 1847 397 1892 nec
420 1828 520 1892 eciam
536 1827 661 1891 litteras
684 1826 960 1903 commissariales,
984 1826 1214 1890 executoriales
1238 1844 1294 1890 sen
1321 1828 1375 1892 de-

73 1942 311 2008 nnneciatorias
327 1959 346 2002 a
362 1958 552 2021 quocunque
564 1939 673 2022 judice
689 1957 745 2003 seu
758 1939 920 2021 judicibus
931 1944 1041 2004 contra
1056 1938 1143 2020 ipsos
1159 1957 1216 2004 seu
1232 1939 1373 2021 aliquem

73 2057 217 2146 ipsorum
240 2058 404 2117 emanatas
428 2053 580 2132 recipere,
605 2058 660 2115 aut
674 2071 728 2116 eas
744 2052 858 2134 exequi
882 2052 999 2116 audeat
1020 2069 1147 2134 quoquo
1171 2052 1274 2131 modo,
1297 2072 1371 2117 nam

72 2166 265 2230 anctoritate
282 2166 371 2246 regia
387 2165 530 2245 predicta
545 2166 652 2229 omnia
666 2171 699 2229 et
713 2165 839 2246 singula
862 2184 881 2228 a
903 2165 1018 2247 quouis
1037 2164 1197 2228 ordinario
1212 2183 1269 2229 seu
1285 2165 1370 2230 dele·

72 2286 147 2360 gato
172 2283 229 2342 aut
251 2276 428 2358 delegando
448 2278 556 2360 judice
579 2276 629 2342 vel
650 2277 812 2360 jndicibus
835 2278 868 2341 in
892 2276 1085 2341 contrarium
1107 2280 1293 2357 attemptata
1315 2280 1371 2339 ant

73 2376 293 2472 attemptanda
316 2391 522 2471 imposterum
544 2389 697 2467 tollimus,
721 2389 893 2467 irritamus,
917 2387 1128 2467 annullamus,
1153 2405 1315 2452 cassamus
1337 2392 1371 2451 et

72 2504 222 2567 omnibus
238 2502 427 2583 simpliciter
440 2502 562 2565 uiribus
579 2519 761 2566 vacuamus,
785 2499 818 2564 si
835 2502 906 2583 quis
922 2505 1029 2565 autem
1044 2500 1118 2564 huic
1133 2504 1241 2564 nostre
1264 2500 1370 2581 gracie

71 2625 104 2680 et
128 2615 290 2680 sanccioni
314 2613 542 2678 contumaciter
557 2615 729 2678 contrairet
751 2620 784 2678 et
799 2632 928 2678 causam
944 2631 1034 2677 suam
1051 2631 1157 2678 coram
1173 2617 1371 2694 competente

68 2728 234 2811 judicem
258 2746 295 2791 eo
323 2727 405 2809 jure,
438 2744 500 2807 quo
531 2726 619 2790 ciues
649 2726 751 2789 nostri
780 2726 915 2806 predicti
945 2726 1097 2804 resident,
1131 2744 1308 2807 proponere
1339 2733 1372 2790 et

72 2840 226 2922 prosequi
258 2858 320 2902 non
351 2844 485 2913 curaret,
518 2843 633 2902 extunc
662 2838 794 2919 prelatis
827 2839 951 2903 ciuibus
977 2840 1096 2903 nostris
1119 2839 1231 2903 damus
1254 2841 1371 2904 virtute

72 2952 275 3034 presencium
299 2951 426 3032 plenam
449 2957 481 3014 et
504 2950 637 3014 liberam
664 2957 854 3031 potestatem
876 2951 974 3014 talem
997 2969 1054 3014 seu
1077 2951 1158 3016 tales
1181 2953 1369 3029 arrestandi,

72 3065 258 3146 captiuandi
282 3071 323 3141 et,
348 3064 422 3127 dum
447 3067 479 3126 et
502 3064 631 3142 quocies
659 3081 738 3142 opus
762 3063 866 3142 fuerit,
898 3064 986 3127 iuxta
1008 3063 1195 3145 qualitatem
1221 3084 1371 3129 excessus

70 3187 103 3241 et
118 3176 267 3240 demeriti
291 3176 453 3256 puniendi,
478 3195 550 3238 nam
574 3175 636 3238 nisi
659 3180 810 3239 nocentes
826 3182 858 3239 et
872 3175 1010 3239 rebelles
1034 3176 1150 3239 iustam
1170 3196 1227 3257 pro
1244 3177 1368 3239 delictis

70 3290 247 3353 vindictam
271 3294 459 3365 metuerent,
484 3306 685 3369 nequaquam
708 3308 727 3351 a
750 3288 817 3350 suis
841 3287 1058 3368 impietatibus
1081 3288 1252 3352 resilirent.
1280 3287 1369 3350 llan-

70 3403 184 3464 damus
209 3402 307 3481 igitur
326 3399 489 3483 uniuersis
509 3406 540 3462 ot
563 3398 699 3478 singulis
724 3377 907 3479 capitaneis,
932 3398 1144 3480 burggrauiis,
1169 3398 1367 3473 officialibus,

70 3514 236 3591 magistris
260 3513 387 3590 ciuium,
409 3512 579 3594 judicibus
605 3511 798 3590 consulibus,
827 3512 942 3594 juratis
968 3518 1000 3574 et
1023 3510 1301 3575 communitatibus
1326 3512 1368 3574 ci-

71 3628 208 3689 uitatum
232 3645 268 3688 ac
291 3625 363 3688 aliis
387 3625 505 3688 nostris
529 3631 562 3687 ct
584 3624 674 3704 regni
697 3623 828 3688 Boenrie
856 3624 992 3688 subditis
1016 3625 1266 3707 quibuscunque,
1298 3643 1369 3705 pre-
1463 3689 1464 3692 ,

69 3739 217 3803 sontibus
232 3744 264 3801 et
282 3738 407 3814 futuris,
431 3736 578 3800 fidelibus
602 3737 719 3800 nostris
743 3735 878 3813 dilectis,
903 3736 1037 3800 firmiter
1059 3743 1092 3801 et
1113 3737 1266 3814 districte,
1292 3755 1368 3817 qna-

68 3859 164 3914 tenus
188 3849 320 3929 prefatis
343 3850 467 3914 ciuibus
491 3850 609 3913 nostris
633 3855 743 3913 contra
758 3855 791 3912 et
805 3849 975 3913 aduersum
998 3850 1094 3913 talem
1118 3868 1174 3912 seu
1197 3848 1288 3926 tales,
1314 3849 1368 3931 qni
1455 3871 1457 3876 ·

70 3984 104 4027 se
140 3962 307 4043 premissis
339 3962 476 4040 statutis,
510 3963 731 4027 sanccionibus
754 3968 788 4026 et
809 3961 924 4042 graciis
948 3968 1145 4042 opponerent
1175 3967 1231 4025 aut
1252 3961 1309 4039 eis
1333 3965 1369 4024 ut

68 4075 273 4156 premittitur,
309 4075 537 4139 contumaciter
567 4075 778 4153 contrairent,
815 4074 997 4155 impendere
1032 4073 1169 4137 debeant
1203 4072 1366 4152 auxilium,

70 4187 241 4252 consilium
265 4193 297 4250 ct
320 4188 477 4263 inumnen,
502 4188 577 4251 dum
600 4193 633 4250 et
656 4187 786 4269 quocies
817 4191 1007 4266 oportunum
1029 4185 1126 4249 fuera
1148 4191 1181 4249 et
1202 4204 1259 4266 per
1281 4186 1368 4266 ipsos
1412 4228 1415 4233 -

69 4319 168 4381 super
184 4300 244 4364 boc
259 4299 378 4362 fuerint
399 4300 557 4379 requisiti,
581 4304 677 4379 prout
700 4299 955 4378 indignacionem
979 4303 1120 4361 nostram
1144 4297 1367 4377 grauissimam

69 4413 232 4476 voluerint
255 4413 360 4474 arcius
384 4413 515 4476 euitare.
541 4411 744 4475 Prescncium
760 4411 818 4473 sub
834 4411 921 4490 regie
945 4416 1052 4473 nostre
1068 4409 1245 4474 maiestatis
1262 4408 1368 4490 sigillo

70 4524 256 4589 testimonio
272 4524 460 4588 litterarum.
479 4525 595 4587 Dauno
607 4525 708 4603 Prage
722 4541 803 4587 anno
815 4522 935 4586 domini
947 4521 1118 4586 millesimo
1131 4520 1368 4596 ccccxl-'lna
