3068 5160
731 396 805 445 1329.
1373 393 1413 456 31

114 602 253 666 aliorum
284 601 456 665 muralium
488 600 629 682 lapidum
660 618 921 683 quorumeunque
952 608 1112 684 rupturas,
1146 600 1257 667 foueas
1291 620 1417 684 quoque

116 713 304 794 argillarum
327 722 360 780 et
382 715 573 779 harenarum
596 732 654 795 pro
677 715 845 779 structuris
877 714 1031 779 faciendis
1063 716 1325 793 necessariarum,
1349 715 1417 778 ubi-

119 846 244 910 eunque
268 826 351 892 infra
373 828 562 892 distansiam
582 828 623 892 ad
638 846 735 891 vnum
757 827 883 893 miliare
905 828 945 893 ab
969 828 1039 910 ipsa
1062 828 1191 893 ciuitate
1215 828 1418 892 inueniuntur

121 948 171 1005 aut
197 942 331 1006 inuenoe
353 940 473 1006 fuerint
495 942 527 1005 in
554 941 647 1005 bonis
670 941 799 1019 nostris,
822 939 988 1018 baronum,
1010 939 1175 1018 nobilium,
1198 938 1416 1016 wladiconum,

122 1054 279 1132 abbatum,
314 1053 558 1135 prepositorum,
590 1053 823 1132 canonicorum,
854 1052 1052 1131 clericorum,
1085 1051 1310 1133 religiosorum
1340 1069 1418 1133 quo-

124 1184 316 1247 rumeunque
346 1171 402 1230 aut
433 1166 534 1230 eciam
565 1166 693 1244 ciuium,
725 1165 803 1247 ipsis
835 1165 959 1230 ciuibus
990 1165 1215 1247 Prageusibus,
1249 1165 1305 1247 qui
1334 1184 1419 1229 nuno

126 1283 193 1343 suut
215 1283 273 1343 aut
294 1297 405 1342 eorum
428 1278 676 1359 successoribus,
708 1278 741 1343 in
768 1281 958 1359 perpetuum
980 1278 1021 1343 de
1043 1270 1264 1344 munificencia
1286 1282 1320 1342 et
1340 1276 1419 1342 libe*

129 1391 247 1455 ralitate
271 1391 361 1471 regia
384 1389 483 1455 libere
500 1391 622 1471 damus,
647 1390 839 1457 conferimus
862 1395 896 1455 et
917 1392 1082 1468 donamus,
1106 1390 1288 1455 inhibentes
1310 1394 1419 1454 nostre

129 1505 226 1582 gracie
250 1503 310 1568 sub
334 1503 465 1568 obtentu
489 1503 635 1567 omuibus
658 1509 692 1568 et
713 1502 859 1585 siugulis,
883 1503 924 1568 ad
946 1521 1027 1585 quos
1051 1508 1217 1585 presentes
1238 1506 1295 1567 aut
1309 1519 1419 1566 eorum

130 1615 239 1680 uotioia
262 1616 469 1696 peruenen'nt
488 1616 716 1698 cuiuscumque
732 1616 938 1696 condicionis,
962 1615 1137 1698 dignitatis,
1162 1619 1264 1679 status
1279 1612 1332 1678 uel
1348 1631 1420 1694 pre·

131 1728 298 1793 eminentie
322 1727 449 1808 brerint,
473 1747 513 1792 ne
528 1747 549 1792 a
563 1729 756 1810 supradietis
771 1729 896 1795 ciuibus
917 1747 975 1810 pro
991 1729 1151 1811 lapidibus
1173 1726 1350 1792 muralibus
1365 1732 1421 1790 aut

132 1841 227 1919 raleiS,
263 1841 378 1921 argilla
407 1859 465 1906 seu
495 1860 592 1906 arena
622 1841 781 1906 fodiendis
813 1847 869 1906 aut
897 1840 1090 1924 recipiendis
1120 1840 1264 1921 precium
1290 1838 1420 1920 aliquod

133 1959 307 2031 presumant
336 1953 499 2035 perpetuis
529 1954 563 2018 in
593 1958 687 2019 antea
717 1955 915 2036 temporibus
946 1955 1074 2036 exigere
1105 1952 1157 2019 uel
1188 1952 1296 2035 aliquo
1325 1953 1419 2016 modo

134 2071 321 2147 extorquere.
345 2066 382 2130 ln
407 2066 496 2130 ouius
520 2066 567 2130 rei
590 2066 808 2131 testimouium
830 2072 995 2148 presentes
1018 2066 1143 2130 litteras
1165 2063 1235 2131 fieri
1258 2070 1291 2129 et
1313 2063 1419 2146 sigillo

136 2184 230 2243 nostro
254 2179 368 2242 maiori
390 2178 524 2243 fecimus
548 2179 746 2244 communiri.
791 2179 909 2243 Datum
933 2178 1034 2260 Prage
1056 2196 1139 2243 anno
1170 2176 1291 2241 domini
1316 2175 1420 2241 mille-

139 2290 205 2354 simo
226 2291 453 2356 trecentesimo
476 2291 628 2356 vicesimo
652 2296 776 2370 ootauo,
799 2291 945 2356 kalendis
968 2291 1166 2358 Decembris·

226 2461 298 2530 Orig.
317 2477 334 2512 a
346 2463 457 2516 arobivu
476 2480 510 2516 ιιι.
529 2462 618 2531 Prahy
635 2461 657 2532 I,
676 2464 698 2517 ὖ.
712 2469 736 2516 3.
764 2462 783 2517 S
800 2463 947 2517 ulomeuou
965 2465 1054 2533 pedeti
1071 2478 1107 2516 ua
1125 2462 1326 2516 demone-liuto
1337 2461 1420 2515 iiidie

143 2556 282 2623 zavdenou,
300 2573 336 2610 na
352 2559 397 2610 nii
415 2558 497 2611 obraz
516 2557 592 2612 lrrdle
610 2557 681 2611 Jaua
697 2573 735 2612 ua
753 2558 827 2613 lroni.
862 2558 954 2613 Pelzel
971 2558 1038 2612 Karl
1059 2556 1107 2612 der
1123 2557 1225 2613 Vierte.
1243 2555 1420 2613 Urlrundenb.

144 2646 171 2697 l·
186 2650 203 2703 l.
218 2652 304 2704 Tenlo
322 2650 370 2705 list
386 2650 530 2719 potvrdili:
549 2651 678 2719 Sigmuud
691 2652 801 2706 rPraze
821 2659 862 2706 26.
882 2657 1058 2722 srpua14863
1075 2652 1263 2708 Ferdiuand-l.
1281 2669 1319 2708 na
1334 2650 1421 2706 luade

145 2740 269 2798 Proislrem
291 2753 316 2798 2.
340 2744 530 2813 dubua15573
555 2746 710 2801 Ferdiuand
730 2748 763 2801 II.
784 2764 817 2802 ve
840 2746 924 2801 Vidni
941 2753 966 2802 8.
991 2747 1084 2802 dubna
1104 2746 1420 2817 16273Ferdinand111.

147 2838 307 2909 rlreipurce
327 2848 366 2895 13.
385 2842 486 2895 lvetna
505 2850 584 2910 16493
602 2842 689 2896 blarie
706 2843 816 2897 Teresie
829 2859 860 2897 ve
878 2841 961 2897 Vldui
973 2850 1012 2898 16.
1031 2847 1130 2898 derina
1142 2843 1390 2898 llllal'rantiielr
1400 2844 1420 2898 Ι.

148 2945 169 2983 re
184 2934 255 2989 l'r'dni
276 2944 314 2990 13.
334 2937 435 2989 kvetna
454 2942 528 2991 1808.
548 2920 637 3006 Ceskp
655 2938 771 3007 pieklad
789 2940 886 2993 tohoto
906 2939 988 3004 ,listu
1006 2939 1083 2993 lrrsile
1101 2939 1172 2992 Jana
1190 2957 1226 2992 ua
1245 2939 1364 3008 svobody
1382 2939 1421 2992 la-

149 3029 214 3083 utuie
229 3032 509 3101 kamenevapennebo
528 3032 537 3084 i
555 3031 676 3087 zdicieho
694 3032 914 3087 vielikterakeho
933 3051 950 3088 a
968 3035 1086 3102 kopduie
1102 3034 1178 3103 hlr'uy
1196 3035 1204 3087 i
1224 3035 1322 3104 pieslru
1339 3034 1423 3087 vmili

149 3129 170 3172 at
187 3123 265 3194 l'rahy
293 3142 328 3179 na
351 3127 494 3180 diemilroli
520 3127 599 3181 abeli
622 3129 671 3182 bez
689 3128 846 3198 plekenlqr
866 3129 962 3183 ualeat
985 3145 1013 3183 se
1031 3146 1048 3181 v
1066 3130 1146 3183 kuize
1170 3133 1236 3198 prov
1255 3129 1342 3183 irladu
1366 3144 1421 3181 mo-

150 3220 255 3276 sterleho
280 3240 294 3274 z
314 3221 371 3274 XV.
392 3223 484 3275 stolett
509 3227 531 3277 d.
556 3229 571 3276 3
591 3231 639 3277 str.
658 3229 691 3276 52
709 3240 725 3275 v
744 3225 854 3278 arehivu
873 3243 907 3278 ιιι.
926 3224 1022 3293 Prahp.

705 3407 768 3489 (lle.
795 3425 845 3490 16.

505 3596 607 3664 1329.
643 3597 697 3663 29.
722 3597 873 3663 berrue.
908 3596 1043 3664 Proba.

152 3773 214 3845 len
227 3783 293 3847 Jon
310 3787 480 3870 postonauje
496 3783 563 3847 obri
577 3784 720 3862 Proislre‘,
745 3787 835 3850 latero
848 3788 884 3871 je
904 3786 1018 3850 blooou
1033 3790 1107 3850 meat
1121 3786 1252 3871 tesky'cb,
1279 3783 1424 3869 upbiru‘m'

151 3896 253 3976 lapella
281 3919 298 3958 z
320 3900 397 3960 rino
419 3921 439 3960 a
459 3898 650 3982 problarluje,
680 3904 712 3960 z'e
734 3899 839 3984 unqelt
860 3920 891 3962 ze
913 3898 1050 3982 deny'ob
1073 3900 1180 3984 jioy'ch
1204 3901 1267 3961 ve'ea‘
1289 3896 1425 3981 eybz'ruti

720 4014 833 4075 neebce.

232 4199 297 4266 Nos
319 4199 483 4265 lohannes
514 4202 566 4267 dei
596 4203 704 4283 gracie
725 4202 857 4269 Boemie
879 4209 912 4268 et
933 4202 1065 4270 Polonie
1094 4223 1150 4269 rex
1172 4223 1210 4270 ao
1231 4204 1425 4269 Lueembur·

153 4312 236 4379 sensis
257 4333 374 4380 comes.
418 4313 536 4378 Notum
558 4314 691 4380 facimus
714 4323 824 4381 tenore
846 4317 1048 4398 presencium
1069 4317 1238 4397 uniuersis,
1262 4319 1349 4400 quud
1370 4337 1425 4382 vo·

153 4409 232 4489 lentes
260 4427 395 4492 dilectos
426 4428 518 4491 nobis
549 4429 636 4493 oiues
665 4436 793 4494 nostros
822 4431 999 4511 Prdgeuses
1029 4436 1062 4495 et
1091 4430 1254 4496 ciuitatem
1283 4435 1423 4497 nostram

154 4523 329 4620 Pragensem,
355 4559 417 4621 que
434 4541 536 4623 capud
551 4548 601 4606 est
617 4542 783 4607 ciuitatum
800 4548 982 4607 nostrarum
996 4543 1029 4609 iu
1044 4561 1144 4624 regno
1158 4550 1267 4610 nostro
1282 4543 1424 4611 Boemie.
