3068 5160
667 366 743 415 ne.
1290 364 1355 431 scr
1452 330 1456 337 ’

97 573 136 637 rsi
162 571 330 655 parificare
353 575 386 636 et
408 571 616 636 instituerunt
631 575 665 635 st
679 569 860 638 voluerunt.
882 570 1043 637 Nimirum
1061 590 1134 637 curn
1156 573 1250 641 ambs
1269 574 1357 641 salu·

97 685 166 750 oris
197 702 274 748 aure
302 683 458 765 temperie
491 683 624 766 coloque
656 682 853 764 aspiciantur
874 701 1000 763 sereno,
1025 682 1217 767 splendeant
1237 683 1358 777 rogio‘)

97 796 333 880 tropoleosqne
363 796 484 861 honore
516 794 714 877 amplissimo
746 800 781 861 ot
809 796 893 863 inter
921 802 1046 865 ceteras
1074 799 1167 881 rsgni
1188 799 1292 865 nostri
1314 800 1358 865 ci·

97 916 171 977 ates
194 910 287 975 limes
311 909 441 992 quidam
464 914 497 974 et
517 908 605 974 basis
628 926 668 973 en
690 908 820 974 nomine
834 907 926 975 fatali
939 908 1044 993 Praga
1065 909 1215 992 existant,
1237 910 1358 979 bostis·

97 1041 208 1089 rorum
223 1021 326 1088 eciam
340 1021 494 1087 Bohsmie
508 1028 718 1103 patronorum
732 1020 853 1087 laureis
867 1020 975 1089 rutilis
989 1027 1168 1104 coruscent,
1190 1028 1226 1091 vt
1238 1026 1358 1091 mortui

97 1135 219 1201 itatem
249 1134 441 1214 custodiant,
472 1134 529 1216 qni
559 1133 705 1200 uiuentes
735 1134 770 1200 in
801 1152 898 1202 carne
919 1153 980 1202 sna
998 1136 1075 1203 illas
1097 1136 1245 1204 doctrina
1265 1138 1357 1221 plan·

97 1253 213 1328 rerunt,
243 1252 405 1329 postremo
435 1245 535 1312 nichil
565 1263 753 1313 concessum
783 1247 829 1313 sit
847 1246 976 1328 Maiori,
1005 1248 1092 1333 quod
1113 1248 1205 1316 Nous
1233 1248 1357 1339 ciuitati

97 1361 209 1445 rgensi
230 1379 290 1443 per
311 1361 555 1441 predecessores
577 1363 705 1425 nostros
719 1363 871 1442 negatum
884 1359 1010 1441 iuissst,
1032 1377 1113 1445 quas
1136 1360 1165 1427 si
1186 1362 1271 1428 muri
1292 1362 1358 1431 ios·

97 1493 155 1558 pue
186 1472 408 1538 disterminare
439 1471 626 1552 rideantur,
657 1470 771 1537 talium
800 1476 908 1538 tamen
937 1471 1118 1554 graciarum
1147 1490 1207 1557 por
1240 1474 1358 1542 oxubs

97 1586 173 1666 rcia,
204 1585 344 1650 norninis
368 1584 470 1650 incliti
493 1583 694 1666 simplicitas,
722 1602 855 1651 concors
878 1584 998 1651 ciuium
1020 1585 1156 1666 animus,
1181 1603 1245 1651 rna
1265 1604 1357 1653 mess

97 1700 232 1765 inorurn
255 1697 384 1761 easdem
407 1696 519 1776 rniuit,
542 1701 577 1761 vt
597 1714 763 1763 murorum
784 1697 940 1762 duntaxat
960 1696 1127 1779 congeries
1148 1702 1239 1765 tante
1260 1697 1357 1765 molis

97 1808 301 1877 lcritudinem
329 1807 516 1873 diderencis
543 1809 681 1892 quadam
707 1808 917 1891 distinguere,
946 1827 1011 1877 non
1041 1808 1255 1879 dimembrars
1283 1828 1358 1879 nos·

97 1942 154 1989 nr.
179 1919 372 1987 Consulatus
395 1920 497 1986 eciam
516 1921 596 2004 ipss,
612 1922 674 1987 etsi
696 1922 825 2004 gemino
848 1921 986 2004 gaudeat
1002 1926 1141 2005 pretore,
1163 1942 1227 1991 rna
1247 1929 1357 1992 tamen

97 2055 124 2112 :e
147 2039 182 2101 et
205 2035 296 2099 vnico
326 2052 412 2115 rege,
443 2034 536 2117 quasi
565 2034 676 2100 diuino
708 2034 846 2117 quodam
867 2034 1010 2100 ternario
1033 2033 1244 2102 inunitatem
1270 2036 1358 2103 clau·

97 2168 150 2214 ur.
195 2146 325 2212 ,Iustum
355 2147 455 2227 igitur
483 2146 588 2213 fuerat
616 2147 699 2212 hanc
724 2146 888 2213 ciuitatem
909 2145 1120 2213 clarissimam
1141 2149 1213 2231 pari
1234 2148 1356 2215 honore

104 2260 214 2344 gloria
235 2259 389 2338 decorari,
414 2263 448 2325 et
469 2264 503 2324 vt
524 2258 661 2324 faustior
682 2258 733 2339 sit,
756 2258 851 2324 nouis
873 2259 976 2325 sciam
997 2260 1116 2342 graciis
1138 2260 1356 2345 priuilsglarc.

97 2377 256 2456 apropter
277 2372 380 2452 nobis,
405 2372 460 2454 qui
483 2371 600 2437 solium
622 2372 714 2454 regni
735 2377 891 2453 tenemus,
918 2371 984 2455 qui,
1006 2371 1235 2456 utplurimum
1253 2374 1356 2440 nostri

97 2486 221 2553 rsencia
253 2485 312 2550 has
346 2484 494 2549 ciuitates
530 2482 745 2566 illustramus,
780 2484 868 2550 cordi
901 2490 952 2551 est
983 2484 1060 2550 lruic
1092 2483 1202 2551 inclite
1232 2485 1356 2552 ciuitati
1490 2519 1495 2527 ·

97 2598 177 2679 soli,
200 2597 308 2677 statui,
332 2596 446 2662 honori
462 2595 728 2679 amplitudinique
747 2596 923 2677 intendere,
946 2600 982 2663 vt
998 2597 1128 2664 nouelle
1143 2597 1357 2680 plantacionis

97 2716 151 2776 nra
171 2710 304 2788 teneris,
328 2709 361 2772 in
384 2709 570 2774 duraturam
580 2706 606 2783 ³)
629 2714 783 2792 perpetue
805 2709 966 2775 coalescat
986 2710 1107 2790 vrbem,
1130 2716 1164 2777 st
1185 2711 1245 2777 sub
1266 2712 1357 2795 pacis

96 2822 223 2887 lcedine
235 2822 354 2886 ciuium
370 2820 581 2903 opulenciam,
603 2821 770 2886 domorum
785 2826 986 2903 structuram,
1003 2822 1356 2908 sacratissimarumque

97 2936 162 2999 imn
194 2934 389 2998 incrementa
411 2939 548 2997 summat
577 2932 773 2997 felicissima.
817 2932 944 2999 Preiate
972 2933 1072 3015 igitur
1093 2932 1185 3001 Nous
1216 2937 1356 3003 ciuitatis

97 3045 225 3128 agensis
248 3045 452 3110 honorabiles
474 3045 628 3126 magister
650 3045 780 3123 ciuium,
811 3045 996 3113 consulatus
1026 3053 1061 3112 ot
1090 3052 1193 3113 tntum
1223 3067 1357 3115 comune

98 3163 162 3224 stre
185 3158 374 3223 accedentes
391 3156 572 3221 serenitatis
586 3156 786 3238 presenciam
801 3156 965 3224 humiliter
982 3158 1253 3240 supplicauerunt,
1277 3180 1356 3242 qua·

97 3289 148 3336 ros
172 3271 251 3353 ipsis
267 3288 378 3335 ornnes
393 3275 427 3334 et
441 3269 585 3351 singulas
600 3266 735 3349 gracias,
755 3267 930 3348 libertates,
946 3269 1150 3350 donaciones,
1165 3272 1354 3349 erectiones,

97 3383 233 3449 rdabiles
249 3382 496 3447 consuetudines
511 3400 548 3445 ac
563 3381 713 3446 vniuersa
723 3381 798 3463 jura
812 3386 846 3446 et
860 3380 1066 3463 priuilegiaa
1086 3381 1171 3446 diois
1185 3382 1355 3462 predeces-

97 3496 182 3561 ribus
198 3496 316 3559 nostris
332 3493 451 3560 liarolo
467 3500 500 3557 et
510 3491 699 3558 Wenceslao
715 3493 845 3574 regibus
860 3494 961 3574 datas,
978 3494 1113 3559 donatas
1128 3499 1161 3558 et
1176 3510 1355 3575 concessas,

96 3613 139 3686 ta,
170 3608 296 3685 dorrata,
328 3606 453 3671 indulta
474 3611 508 3670 et
530 3623 682 3671 concessa
703 3609 737 3670 ct
757 3621 816 3685 per
841 3604 1083 3671 serenissimum
1105 3603 1354 3687 sigismundum,

97 3720 314 3785 sdecessorem
329 3725 482 3797 nostrum,
507 3718 709 3783 confirmatas
732 3723 765 3781 st
787 3714 972 3782 confirmata
985 3717 1026 3783 do
1045 3715 1141 3784 solita
1158 3716 1355 3800 benignitate

97 3832 320 3915 riainnouare,
343 3832 529 3912 approbare,
552 3829 711 3895 ratificare
726 3834 760 3896 st
773 3829 919 3912 grsciose
938 3828 1125 3896 confirmare
1140 3830 1354 3912 dignaremur,
1446 3884 1449 3889 .

98 3962 192 4009 orum
222 3949 350 4007 tenores
373 3944 413 4007 de
436 3943 531 4008 verbo
555 3942 750 4008 adverbum
776 3948 945 4008 secuntur:
980 3942 1018 4007 In
1039 3943 1169 4009 nomine
1191 3948 1301 4008 sancte
1323 3946 1357 4008 et

97 4055 223 4122 liuidus
245 4055 409 4120 Trinitatis
433 4054 569 4120 feliciter
585 4073 689 4120 anien.
720 4053 944 4136 Sigismundus
966 4059 1027 4123 sto.
1052 4053 1239 4139 (Noslodujs
1256 4053 1356 4119 obno-

97 4173 128 4235 ni
161 4187 182 4232 a
215 4171 380 4250 potvrzeni
416 4167 577 4249 privilegii
610 4166 884 4250 Novomsstskych
918 4166 1053 4232 eisaiem
1084 4166 1291 4249 Sigmnndsm
1323 4166 1356 4232 d.
1410 4232 1415 4239 ,

97 4283 185 4346 ’raze
203 4282 232 4346 1.
247 4280 330 4363 itjna
354 4281 437 4343 1436
461 4279 517 4344 dis.
535 4280 622 4359 141.)
645 4278 713 4344 Nos
735 4278 821 4345 dicte
844 4279 985 4344 ciuitatis
1000 4277 1092 4344 Nous
1106 4278 1277 4361 ngensis
1300 4278 1356 4346 ds-

98 4398 232 4461 erantes
264 4399 383 4458 statum
413 4391 572 4457 continuis
603 4392 715 4474 augeri
745 4391 947 4457 successibus
970 4408 1009 4456 eo
1031 4391 1202 4475 presertim
1222 4397 1355 4471 attento,

97 4507 136 4575 od
168 4505 260 4571 ciues
290 4505 379 4570 illius
409 4510 442 4570 et
457 4503 570 4586 incole,
602 4504 749 4569 meorum
778 4503 1042 4586 predecessorum
1072 4508 1254 4571 nostrorum
1284 4502 1355 4571 isli·

1151 4636 1182 4687 Π
