3068 5160
789 339 863 389 1354.

177 542 332 623 volentes,
367 549 524 627 quatenus
558 549 594 609 ut
625 545 769 626 predicta
800 543 1093 611 incommutabilem
1125 545 1305 611 sortiantur
1327 544 1463 611 effectum

178 657 263 721 circa
285 657 541 722 obseruationem
560 657 776 738 predictorum
795 661 986 722 statutorum
1000 656 1156 723 factorum
1171 675 1228 723 seu
1244 676 1317 723 cum
1337 658 1466 724 sciencia

177 773 284 833 vestra
305 768 522 834 faciendorum
544 770 578 835 ln
601 769 753 850 futurum,
776 776 810 834 et
829 770 1012 852 specialiter
1032 770 1072 835 de
1093 771 1326 836 mercatoribus
1348 776 1383 836 et
1401 769 1468 836 hos·

176 881 296 963 pitibus
319 882 489 962 extraneis
512 901 553 947 ne
575 882 749 950 eorundem
771 901 851 948 vnus
867 883 952 965 apud
967 883 1066 948 aIIum
1088 888 1174 948 emat
1193 882 1246 948 vel
1267 883 1395 962 vendat,
1416 900 1467 946 vos

177 1014 247 1059 cum
270 996 439 1062 antedictis
463 995 587 1061 ciuibus
609 995 728 1061 nostris
749 994 963 1077 Pragensibus
993 995 1136 1061 debeatis
1159 1012 1232 1060 esse
1253 996 1421 1061 unanimes
1442 1000 1469 1059 et

176 1110 359 1189 concordes,
390 1108 551 1175 antedicta
573 1113 693 1174 statuta
705 1127 772 1189 ‚per
793 1126 850 1172 eos
875 1106 960 1173 iacta
980 1113 1014 1173 et
1035 1107 1189 1188 facienda,
1211 1113 1247 1173 vt
1266 1109 1468 1191 premittitur,

176 1221 209 1286 in
232 1227 339 1286 vestra
368 1222 498 1287 ciuitate
529 1226 711 1287 constanter
740 1227 774 1285 et
802 1221 1034 1286 inuiolabiliter
1064 1220 1187 1286 seruari
1215 1220 1351 1300 tamdiu,
1374 1221 1470 1285 donec

176 1334 247 1414 ipsa
268 1334 451 1415 specialiter
472 1339 506 1399 et
518 1353 557 1398 ex
573 1339 660 1398 certa
681 1339 792 1398 nostra
813 1333 953 1400 sciencia
974 1334 1157 1399 duxerimus
1179 1333 1379 1412 inmutanda,
1401 1350 1470 1398 nam

175 1447 318 1528 predicta
340 1446 470 1513 indubie
493 1447 685 1512 arbitramur
700 1447 830 1513 utilitati
853 1452 887 1512 et
908 1446 1073 1512 commodo
1087 1450 1194 1512 vestre
1209 1445 1353 1510 ciuitatis
1375 1443 1472 1509 simili

175 1561 269 1623 modo
305 1578 399 1643 quarn
432 1559 606 1641 plurimum
637 1560 818 1638 conuenire,
853 1560 887 1624 id
916 1559 1098 1624 nullatenus
1126 1557 1310 1625 obmissuri.
1355 1557 1473 1622 Datum

175 1671 425 1737 l'ranlrenfordie
447 1670 564 1739 XVIII.
587 1672 640 1737 die
662 1672 782 1738 mensis
804 1671 961 1751 Ianuarii,
991 1689 1163 1753 regnomm
1185 1675 1368 1736 nostrorum
1391 1686 1477 1734 anno

176 1789 299 1849 octauo.

277 1979 359 2033 Liber
376 1981 578 2035 vetustissimus
597 1981 799 2050 privilegiorum
819 1985 841 2036 t.
860 1987 911 2035 993
933 1988 980 2036 str.
1000 1985 1030 2034 71
1050 1996 1066 2031 r
1084 1979 1195 2033 archiru
1213 1997 1249 2033 m.
1267 1978 1358 2048 Prahy
1375 1995 1410 2032 za
1428 1981 1483 2031 na·

175 2075 261 2142 pisem
279 2073 440 2144 ,Indultum,
459 2092 492 2129 ne
510 2083 676 2131 mercatores
694 2076 814 2131 extranei
833 2077 904 2130 Inter
917 2091 946 2130 se
959 2081 1050 2129 emant
1063 2081 1090 2129 et
1101 2073 1242 2128 vendant¹⁴
1257 2104 1291 2113 -
1303 2073 1395 2129 Pelzel
1407 2071 1485 2127 Karl

175 2169 223 2221 der
242 2170 342 2224 Vierte.
370 2169 546 2226 Urlrnndenb.
582 2172 630 2226 Nr.
648 2171 796 2226 LXXVIII.

753 2379 817 2464 ds.
841 2399 893 2463 so.

518 2569 621 2639 1354.
656 2570 860 2638 1a.1eona
894 2566 1120 2636 Franklurt.

173 2741 256 2802 Kra'l
271 2738 370 2800 Korel
384 2736 442 2798 IV.
459 2739 634 2825 oscobozoje
654 2766 697 2826 pc
714 2742 873 2827 pdc'lclodaa
888 2740 970 2804 dedo
984 2742 1073 2804 avebo
1096 2743 1195 2802 cicade
1210 2736 1383 2802 Jindricaa
1405 2731 1493 2801 VII,

170 2851 377 2935 paurkmistro,
400 2849 526 2933 koedely
547 2853 562 2912 a'
582 2858 710 2938 odachar!
732 2854 887 2940 obyoutele
909 2857 1006 2917 mesta
1023 2851 1195 2915 Praiskabo
1219 2851 1261 2914 od
1277 2851 1410 2934 placasti
1431 2841 1495 2914 cel

214 2965 229 3023 a'
242 2963 354 3046 jiray‘cb
376 2961 476 3023 doceb
496 2983 512 3023 z
534 2964 604 3026 oaob
627 2967 642 3026 i
661 2990 677 3027 z
699 2968 841 3051 lcarpeotci
854 2965 1057 3051 jolocbokola'o
1073 2987 1119 3048 po
1141 2967 1190 3026 ota'
1210 2963 1273 3026 radi
1290 2945 1429 3028 Rimata.

275 3135 413 3199 Karalus
437 3134 488 3199 dci
512 3138 620 3210 procia
642 3139 856 3206 Romanorum
879 3161 934 3206 rex
957 3158 1083 3222 semper
1103 3142 1258 3219 augustus
1282 3141 1315 3202 et
1339 3137 1477 3203 Boemie

171 3267 236 3314 rex.
248 3248 404 3329 Magistro
418 3248 545 3324 ciuium,
557 3298 564 3314 .
574 3298 582 3313 .
593 3253 786 3334 (concidibus,
804 3256 917 3319 iuratis
933 3253 1072 3318 scabinis
1090 3249 1338 3315 eavmuersitati
1354 3250 1475 3316 ciuium

171 3362 311 3426 ciuitatis
334 3367 443 3425 nostre
458 3360 637 3440 Patrensis,
663 3363 809 3429 fidelibus
833 3368 951 3432 nostris
975 3365 1113 3443 dilectis
1139 3361 1279 3443 graciam
1301 3362 1428 3444 regiam
1443 3364 1474 3424 et

170 3494 263 3540 omne
287 3476 415 3541 bonum.
450 3473 606 3556 Inspectis
630 3477 753 3541 merItis
775 3479 945 3559 probitatis
968 3484 1073 3542 vestre
1099 3480 1132 3540 et
1154 3473 1331 3538 constantis
1355 3492 1394 3539 ao
1416 3476 1473 3539 im·

170 3596 254 3654 mote
277 3588 351 3653 fidei
374 3588 523 3670 puritate,
548 3587 663 3668 quibus
688 3589 870 3654 celsitudini
893 3596 1001 3655 nostre
1025 3595 1058 3653 et
1082 3587 1166 3652 clare
1181 3585 1337 3650 memorie
1353 3584 1468 3651 illustri

169 3700 308 3767 Johanni
324 3700 484 3784 quondam
500 3698 630 3763 Boemic
653 3702 731 3779 rapi,
756 3703 893 3783 genitori
916 3708 1024 3766 nostro
1048 3701 1175 3777 dilecto,
1199 3696 1327 3761 deuotis
1352 3697 1467 3762 crebris

168 3818 201 3878 et
223 3813 371 3879 fidelibus
402 3813 564 3896 obsequiis
594 3811 769 3894 placuistis,
794 3812 868 3896 tvos,
903 3813 1037 3878 heredes
1063 3818 1096 3877 et
1117 3826 1320 3876 successores
1347 3815 1467 3874 vestros

168 3926 202 3989 in
231 3931 420 4008 perpetuum
451 3925 593 3990 adinstar
626 3925 760 3989 celebris
784 3931 817 3989 et
838 3926 1007 3990 recolende
1038 3923 1190 3988 memorie
1217 3921 1284 3986 diui
1316 3919 1465 4004 Heynrioi

168 4037 253 4119 olym
274 4040 489 4103 Romanorum
513 4038 715 4120 imperatoris
738 4038 876 4119 augusti,
900 4032 954 4100 aui
977 4042 1009 4101 ct
1031 4032 1268 4117 predecessoris
1298 4031 1414 4109 nostri,
1437 4031 1465 4094 in

168 4149 315 4213 omnibns
340 4151 523 4214 ciuitatibus
539 4155 571 4215 et
587 4150 690 4231 opidis
714 4151 796 4214 sacri
810 4149 945 4214 Romani
962 4147 1088 4230 imperii
1111 4164 1182 4210 cum
1198 4142 1349 4209 omnibus
1363 4144 1466 4221 rebus,

168 4261 384 4325 mercimoniis
415 4267 448 4325 et
477 4263 636 4328 mercibus
666 4263 792 4341 vestriS,
824 4262 1039 4343 cuiuscunque
1072 4258 1205 4336 numeri,
1236 4255 1391 4337 ponderis
1417 4260 1470 4320 aut

169 4390 317 4436 mensure
347 4370 474 4452 luerint,
506 4376 545 4441 ab
569 4375 715 4440 omnibus
738 4374 906 4452 theloneis
938 4373 1049 4451 daoiis,
1081 4369 1300 4447 conductibus
1332 4368 1469 4450 gabellis

169 4489 202 4549 et
216 4483 289 4548 aliis
305 4484 544 4568 donacionibus,
568 4489 809 4571 quibuscunque
824 4484 1006 4550 nominibus
1022 4484 1150 4549 valeant
1168 4480 1336 4564 appellari,
1359 4487 1475 4546 anem·-
