3068 5160
167 390 208 454 92
779 392 853 441 1354.

166 595 285 662 vilegiati
294 610 343 663 per
356 593 432 647 divae
446 594 589 648 memoriae
598 593 730 648 Karolum
742 593 941 664 imperatorem,
960 593 1034 662 quod
1043 609 1144 648 census
1156 592 1191 648 de
1201 593 1325 662 ipsorum
1336 590 1448 646 domibus

168 690 379 758 omnitempore
397 694 515 758 possunt
531 686 663 743 redimere
681 695 710 742 et
727 686 823 743 domos
840 688 963 757 ipsorum
986 689 1103 744 liberare
1122 703 1173 758 per
1189 688 1356 743 solucionem
1377 701 1447 756 pecu·

167 786 287 840 uiarum¹⁴
308 785 422 850 (Tomelx
439 784 552 852 Dbjepis
568 783 659 854 Prahy
676 784 703 838 lI
721 791 769 838 etr.
787 788 821 837 24
839 799 856 837 a
873 786 944 851 821).

744 1034 808 1118 bu.
831 1053 884 1118 ar.

353 1234 455 1304 1354.
490 1234 547 1303 1⁷.
569 1233 694 1302 ledna
727 1232 944 1302 Frankturt
965 1234 1041 1302 ned
1063 1232 1277 1303 liubanem.

168 1413 251 1478 Kroll
264 1413 364 1478 Karai
385 1412 442 1480 IV.
464 1413 582 1499 eooluje
604 1415 625 1478 le
647 1424 731 1478 mma
744 1437 788 1478 rea
802 1413 910 1478 Ξάάοεί
936 1417 1092 1479 Modo
1106 1413 1238 1480 &arm
1255 1416 1353 1478 mista
1366 1413 1450 1477 Prat-

168 1527 270 1602 oka‘bo,
295 1524 356 1612 uby
371 1527 459 1590 er’zim
480 1528 601 1591 boetem
622 1551 643 1590 o
665 1527 807 1611 kupctm,
830 1527 912 1590 lateii
925 1550 944 1590 o
958 1526 1058 1591 Proaa
1072 1526 1243 1613 platyoaje'
1257 1551 1279 1592 a
1293 1527 1316 1590 k
1330 1524 1453 1591 abactam

163 1637 328 1723 porratam
348 1639 444 1703 emm
464 1640 685 1724 aepiispicaji,
708 1639 857 1704 zebemlo
879 1661 911 1704 se
933 1637 1068 1704 obeooe‘m
1088 1639 1224 1704 uatem
1238 1640 1319 1703 eati
1331 1637 1456 1721 obebody

168 1752 300 1815 eciaimi
313 1751 425 1836 loupos'5
445 1756 578 1816 moecari
596 1752 742 1838 poooluje
755 1751 849 1817 mitae
862 1751 1031 1816 medianum
1046 1750 1218 1838 Hoiskym
1239 1752 1334 1816 auia
1354 1749 1459 1818 obem&

524 1869 646 1929 εηεεεπὶ
666 1865 688 1927 k
709 1862 869 1928 obaeratum
890 1862 991 1928 ἅοόνει
1011 1865 1117 1928 πιέσω.

274 2063 412 2128 Karalus
435 2063 488 2130 dei
510 2063 618 2145 gracia
639 2063 855 2128 Romanorum
877 2081 933 2128 rex
956 2081 1083 2146 semper
1106 2068 1260 2145 augustus
1284 2069 1321 2129 et
1333 2063 1471 2130 Boemie

169 2194 233 2240 rex.
256 2174 423 2241 Vniuersis
434 2180 600 2258 presentes
621 2175 746 2242 litteras
762 2175 953 2258 inspecturis
974 2175 1088 2240 harum
1111 2174 1195 2241 serie
1216 2173 1359 2258 patefiat,
1384 2167 1491 2261 quod

169 2306 226 2369 pro
250 2293 340 2368 parte
362 2287 551 2353 dilectorum
572 2287 715 2354 fidelium
737 2292 919 2354 nostrorum
942 2287 1061 2353 ciuium
1076 2287 1209 2353 Maioris
1232 2287 1377 2355 ciuitatis
1396 2289 1499 2354 Pro‘

170 2400 278 2480 gensis
301 2400 422 2483 liquide
445 2419 555 2466 sumus
586 2399 757 2480 informati,
787 2401 873 2482 quod
894 2417 952 2481 per
974 2400 1141 2467 continuos
1171 2406 1355 2467 corruamus
1383 2420 1499 2485 emp*

171 2511 272 2577 cionis
294 2518 327 2576 et
348 2513 545 2579 vendicionis
567 2513 607 2578 de
630 2513 777 2578 omnibus
799 2513 895 2578 rebus
917 2516 951 2577 et
973 2513 1142 2593 mercibus,
1165 2530 1246 2597 quas
1268 2514 1419 2597 hospites
1441 2508 1499 2580 εἰ

170 2625 313 2689 extranei
343 2630 536 2690 mercatores
566 2625 600 2691 in
633 2625 764 2690 ciuitate
786 2625 940 2707 Progensi
970 2625 1053 2690 inter
1082 2643 1118 2691 se
1148 2631 1258 2691 mutuo
1287 2625 1417 2694 iaciunt
1442 2619 1499 2692 εί

171 2741 328 2817 exercent,
352 2738 439 2802 ciues
454 2741 487 2802 et
501 2737 605 2803 incole
626 2737 710 2803 dicte
734 2737 873 2802 ciuitatis
888 2737 1059 2819 Prageusie
1073 2757 1138 2804 non
1152 2737 1278 2804 modica
1299 2739 1499 2822 impendia

171 2850 346 2930 paciantur,
378 2854 411 2915 et
440 2850 525 2933 quod
553 2849 737 2915 huiusmodi
769 2855 948 2917 contractus
971 2850 1005 2915 in
1028 2849 1168 2916 notabile
1197 2850 1301 2933 ipsius
1330 2852 1499 2920 ciuitatis

172 2966 305 3044 vergant
326 2963 551 3028 detrimentum
574 2981 614 3027 cx
628 2981 678 3042 eo,
694 2962 779 3045 quod
801 2963 943 3028 extranei
966 2968 1169 3043 mercatores,
1192 2963 1248 3046 qui
1262 2963 1357 3030 nulla
1379 2967 1499 3033 uobis

171 3078 204 3136 et
227 3092 352 3139 camere
374 3075 462 3157 regie
485 3074 629 3140 subsidia
650 3073 825 3155 conferunt,
861 3075 969 3140 omnia
990 3073 1080 3140 lucra
1101 3075 1283 3158 percipiunt
1304 3084 1340 3143 et
1360 3096 1499 3162 repert

171 3191 250 3265 tunt,
280 3186 436 3269 nobisque
458 3186 622 3252 humiliter
651 3186 864 3269 supplicatum
886 3188 1018 3268 exstitit,
1048 3193 1082 3253 vt
1103 3206 1201 3271 super
1229 3187 1290 3253 boe
1313 3189 1355 3256 de
1379 3210 1499 3274 opor*

171 3304 248 3362 tuno
279 3298 419 3363 remedio
452 3300 542 3381 regia
570 3299 749 3364 sublimitas
784 3299 933 3381 dignetur
962 3299 1133 3366 salubriter
1165 3300 1348 3382 prouidere.
1407 3303 1491 3368 Nos

172 3411 280 3492 itaque
303 3411 467 3493 cupientes
490 3411 632 3493 predicte
655 3410 795 3476 ciuitatis
817 3411 988 3495 Pregensie
1012 3411 1231 3478 condicionem
1253 3431 1386 3497 semper
1404 3409 1486 3481 fieri

172 3523 347 3603 meliorem,
378 3529 474 3607 vtquc
503 3524 563 3589 sub
592 3523 758 3605 regiminis
788 3524 889 3589 nostri
911 3524 1094 3590 umbraculo
1124 3525 1284 3591 coutinuis
1314 3525 1477 3610 proficere

173 3634 301 3701 valeant
329 3635 544 3717 incrementis
576 3635 700 3701 ciuibus
730 3636 874 3701 ciusdem
904 3635 1044 3701 ciuitatis
1078 3636 1292 3719 concedimus
1323 3638 1474 3706 sanemus

174 3762 211 3810 ac
233 3749 273 3812 de
296 3749 406 3813 innata
427 3749 519 3814 nobis
543 3747 717 3814 clemencia
738 3749 915 3831 graciosius
944 3748 1158 3831 indulgence,
1188 3755 1222 3815 vt
1243 3750 1307 3832 ipsi
1330 3751 1366 3818 iu
1390 3752 1473 3818 diota

175 3856 305 3924 ciuitate
328 3860 470 3942 ipsorum
492 3879 550 3943 pro
566 3860 703 3926 utilitate
718 3860 908 3942 etproiectu
932 3861 1075 3925 eiusdem
1097 3865 1240 3927 statuere
1262 3880 1300 3927 ae
1322 3865 1470 3931 ordinare

175 3965 262 4032 licite
283 3971 419 4053 valeant,
443 3979 478 4038 vt
500 3991 623 4037 exnunc
645 3973 774 4038 inantea
795 3972 903 4038 nullus
926 3977 1137 4038 mercatorum
1159 3978 1396 4057 extraneorum,
1420 3977 1470 4060 qui

176 4096 240 4142 non
268 4084 386 4160 gaudet
406 4085 476 4150 iure
502 4084 591 4150 ciuili
613 4086 753 4150 ciuitatis
775 4085 955 4167 Pragensiu
983 4084 1056 4149 aliis
1078 4087 1310 4152 mercatoribus
1335 4106 1396 4154 seu
1418 4090 1472 4154 ho

177 4188 316 4255 minibus
338 4197 497 4262 extraneis
520 4197 761 4280 quibuscunque
783 4214 836 4262 res
858 4214 915 4261 seu
938 4214 1060 4262 merces
1076 4214 1150 4262 suas
1166 4199 1315 4281 vendere,
1339 4201 1393 4267 vel
1413 4202 1473 4284 ipsi

177 4307 370 4370 mercatores
391 4308 497 4373 nullos
520 4313 700 4374 conuectus
722 4310 897 4391 empcionis
913 4315 946 4374 et
960 4309 1157 4375 vendicionis
1180 4310 1213 4375 in
1236 4309 1323 4377 dieta
1343 4314 1477 4380 ciuitate

177 4411 330 4493 Progenei
359 4416 442 4481 inter
464 4437 499 4483 se
521 4427 631 4486 mutue
661 4421 766 4486 facere
789 4422 839 4485 vel
869 4440 1018 4486 exercere
1049 4422 1186 4487 debeant
1214 4422 1404 4506 aliqualiter
1425 4427 1476 4491 vel

178 4532 371 4606 presumant,
391 4530 493 4611 etqui
509 4533 754 4612 contrafecerit,
769 4551 884 4615 penam
900 4534 1050 4614 incurrat,
1074 4552 1168 4615 quam
1187 4534 1251 4615 ipsi
1267 4536 1357 4603 ciues
1372 4541 1480 4605 nostri
