3068 5160
662 378 737 428 teet.

594 564 699 648 *Cis
732 583 805 649 142.

472 752 573 822 143⁷.
610 752 664 821 29.
688 752 804 840 itjnn
840 752 977 823 Probe

97 933 148 991 πανν
167 925 322 1013 Quod
351 924 500 1011 obnovuje
521 923 663 989 Noverunt
689 928 788 990 mesta
808 925 998 991 Praesens
1024 926 1148 1012 «peada
1178 926 1221 991 od
1245 930 1345 993 eoam

97 1040 156 1104 arla
177 1036 234 1104 IV.
258 1039 419 1115 odlleaoa,
449 1044 480 1103 ie
504 1036 600 1103 ebroe
622 1061 644 1102 a
668 1042 741 1123 pice
759 1038 857 1103 subde
882 1038 975 1124 jindo
1004 1062 1024 1103 e
1045 1037 1145 1105 Plau
1167 1040 1347 1125 producas

264 1174 296 1215 se
317 1155 417 1227 neme,
440 1149 522 1214 metti
540 1172 585 1214 no
607 1151 680 1214 trba
700 1172 724 1214 a
743 1149 862 1215 kemla
882 1172 926 1214 eu.
949 1148 1128 1215 Jiodricta.

153 1350 377 1433 sigismundus
400 1350 453 1416 dei
475 1350 583 1433 gracia
603 1350 818 1415 Romanorum
840 1348 1015 1432 imperator
1039 1366 1166 1433 semper
1188 1356 1343 1435 augustus

117 1457 294 1545 Hungarie,
325 1463 489 1544 Bohemie,
520 1461 697 1543 Dalnacie,
720 1460 852 1529 Oroacie
874 1468 935 1530 etc.
959 1480 1026 1530 rex.
1068 1460 1188 1529 Notum
1208 1462 1344 1531 facimus

97 1594 159 1642 ore
181 1577 383 1658 presencium
398 1576 567 1656 uniuersis,
592 1575 678 1659 quod
690 1593 749 1658 pro
767 1580 858 1658 parte
880 1574 1024 1643 fidelium
1042 1580 1224 1642 nostrorum
1244 1575 1344 1643 dilec-

97 1707 153 1753 nm
168 1689 390 1771 pabulatorum
406 1687 498 1753 None
513 1692 622 1753 nostre
637 1687 779 1753 ciuitatis
792 1688 964 1771 hagensis
978 1686 1040 1755 luit
1054 1687 1215 1754 maiestati
1233 1693 1344 1755 nostre

97 1800 180 1866 entis
213 1800 328 1866 studiis
360 1801 550 1883 expositum,
581 1799 719 1884 qualiter
747 1800 929 1883 priuilegiis
954 1819 1076 1880 eorum,
1105 1800 1186 1883 ipsis
1215 1818 1345 1868 asere-

97 1914 179 1979 simo
202 1914 345 1995 principe
361 1920 394 1979 et
408 1915 546 1994 domino,
570 1912 698 1979 domino
713 1912 843 1993 Kurolo,
864 1912 939 1979 diue
948 1912 1107 1979 memorie
1127 1910 1344 1981 Romanorum

97 2030 249 2109 peratore,
278 2031 379 2108 patro,
402 2045 526 2093 necnon
555 2045 576 2090 a
599 2025 788 2093 Weneeslao
810 2026 1026 2092 Romanorum
1047 2043 1133 2111 ruge,
1154 2024 1264 2108 fratre
1285 2044 1343 2093 no·

97 2140 121 2204 is
143 2139 326 2218 carissimis,
343 2138 497 2204 Bohemie
511 2138 652 2221 regibus,
668 2156 766 2221 super
776 2136 988 2221 infrascriptis
998 2136 1210 2220 libertatibus,
1224 2138 1343 2221 mutus

97 2251 232 2316 indultis
254 2252 338 2318 datis
360 2269 398 2316 ac
421 2252 583 2317 possessis
612 2256 757 2334 tompore
785 2268 980 2333 gwerrarum
1000 2254 1035 2317 et
1055 2250 1285 2317 distnrbiorum
1306 2250 1342 2317 in

97 2382 146 2439 no
168 2370 278 2429 nostro
300 2363 454 2429 Bohemie
483 2364 651 2429 retroactis
677 2363 876 2446 temporibus
898 2363 1086 2429 durantium
1105 2362 1251 2445 pervim
1271 2361 1341 2429 fue·

97 2480 110 2540 t
138 2475 268 2557 priuati,
299 2480 394 2559 prout
415 2475 476 2541 hoc
500 2475 602 2541 eciam
632 2486 739 2541 coram
766 2474 859 2542 nobis
880 2474 944 2541 fide
966 2475 1135 2558 dignorum
1154 2474 1340 2541 testimonio

97 2587 241 2653 ficienter
262 2593 313 2653 est
334 2589 491 2669 edoctum,
514 2589 785 2672 ostenderuntque
805 2587 899 2655 nobis
922 2586 1079 2671 quoddam
1104 2590 1340 2671 transumptum

97 2707 201 2765 torum
230 2699 474 2782 priuilegiorum
503 2706 652 2783 rogantes
682 2700 846 2766 humiliter
866 2705 900 2767 et
921 2701 1046 2780 deuote,
1076 2704 1234 2783 quatenus
1260 2700 1340 2784 ipsis

98 2812 173 2876 dem
206 2812 340 2894 gracias,
375 2812 540 2878 libertates
574 2819 607 2879 et
635 2812 760 2879 indulte
788 2813 828 2878 de
851 2830 934 2879 nouo
966 2811 1110 2877 conferre
1132 2816 1166 2879 et
1185 2812 1341 2879 innouare

97 2924 294 3004 benignitate
317 2929 426 2989 nostra
448 2925 625 3005 graciosius
648 2926 863 3007 dignaremur.
889 2924 957 2991 Nos
979 2943 1065 3005 vero,
1089 2924 1146 3009 qni
1165 2930 1242 2992 vote
1263 2924 1341 2992 fide·

97 3055 120 3100 n
144 3053 184 3101 er
206 3036 316 3100 innata
336 3037 430 3101 nobis
455 3036 629 3102 clemencia
658 3035 795 3103 libenter
824 3036 1033 3118 admittimus,
1060 3036 1205 3104 volentes
1226 3037 1340 3105 melio·

97 3147 175 3228 ioni,
200 3148 364 3213 commodo
396 3153 429 3213 et
458 3148 615 3231 profectui
637 3149 721 3214 dicte
743 3148 835 3215 Noue
859 3148 1000 3215 ciuitatis
1029 3154 1140 3215 nosue
1167 3148 1339 3232 Progensis

97 3260 219 3341 endere,
250 3267 284 3325 vt
305 3261 410 3326 incole
432 3267 465 3326 et
487 3260 717 3326 inhabitatores
747 3260 849 3344 ipsius
871 3262 995 3328 maiora
1024 3261 1189 3345 suscipere
1210 3261 1340 3327 valeant

97 3377 250 3452 rementa,
265 3373 347 3437 hanc
362 3373 502 3454 graciam
517 3372 597 3454 ipsis
612 3359 863 3455 pabulatoribus,
877 3371 1082 3456 presentibus
1096 3376 1131 3440 et
1146 3372 1275 3452 futuris,
1297 3372 1338 3437 de

97 3504 126 3549 ιο
159 3483 351 3549 conferimus
382 3490 415 3550 et
444 3486 608 3564 donamus,
639 3488 816 3551 statuentes
839 3488 872 3549 et
892 3484 954 3551 boc
978 3484 1067 3567 regio
1090 3482 1244 3551 Bohemie
1265 3502 1338 3567 per-

97 3616 139 3662 un
162 3598 360 3663 sanccientes
383 3599 497 3678 edicto,
528 3598 613 3681 quod
643 3615 753 3664 omnes
774 3602 809 3664 et
829 3596 949 3680 singuli
974 3596 1180 3680 pabulatores
1202 3613 1338 3663 auenam

97 3709 206 3774 tenum
227 3709 401 3775 vendentes
424 3710 458 3774 in
481 3710 566 3783 dicta
596 3709 726 3776 ciuitate
755 3715 867 3776 nostra
887 3709 922 3775 in
942 3708 1023 3789 foro,
1053 3709 1140 3793 quod
1167 3712 1218 3775 est
1237 3725 1338 3790 prope

96 3821 212 3886 lesiam
243 3821 344 3886 sancti
367 3821 510 3885 Heinrici
532 3826 566 3888 et
586 3840 651 3888 non
680 3821 759 3888 alibi
779 3822 918 3890 vendere
946 3820 1111 3904 perpetuis
1139 3818 1338 3904 tenporibus

97 3952 167 3998 runc
190 3932 319 3998 inantea
340 3939 518 3999 teneantur.
562 3934 775 4000 Decemimus
797 3933 908 4015 eciam,
931 3934 1018 4017 quod
1038 3932 1181 4001 vniuersi
1204 3931 1337 4016 pabula·
1379 3967 1384 3978 ·

97 4063 138 4126 es,
163 4045 217 4127 qui
240 4064 324 4111 nunc
347 4051 423 4112 sunt
444 4051 500 4110 aut
521 4045 641 4111 fuerint
662 4045 696 4110 in
717 4043 870 4126 futurum,
894 4044 1006 4128 quiin
1029 4043 1109 4110 locis
1131 4042 1216 4126 aliis,
1241 4062 1337 4129 quum

102 4156 172 4221 foro
203 4157 357 4239 predicto,
392 4159 461 4223 siue
491 4158 524 4221 in
554 4157 671 4224 Maiori
700 4174 759 4224 seu
788 4156 881 4223 Noua
911 4154 1095 4222 ciuitatibus
1121 4154 1337 4239 Prageusibus

97 4289 175 4333 nam
197 4269 250 4333 uel
272 4268 380 4334 lenum
402 4270 529 4352 publice
545 4268 599 4335 uel
622 4269 728 4335 oculte
750 4269 891 4337 vendere
911 4268 1174 4351 presumpserint
1200 4266 1339 4351 quilibet

97 4399 182 4446 emm
215 4399 330 4464 penam
365 4382 504 4464 quinque
537 4398 714 4462 sexagenas
745 4398 929 4463 grossorum
961 4380 1165 4446 denariorum
1196 4378 1337 4463 Progen-

97 4512 122 4558 m
144 4493 257 4574 tocies,
280 4494 411 4576 quocies
435 4493 494 4559 hoc
516 4492 637 4573 feeerit,
661 4491 825 4559 incurrere
846 4493 971 4575 debeat,
994 4510 1131 4576 quarum
1152 4498 1220 4559 tres
1242 4510 1336 4559 sexa·
