3068 5160
174 112 237 174 100
456 171 458 176 ι
744 75 748 83 ’
787 113 863 162 raso.
954 193 957 198 Ι

65 353 70 365 ·
175 318 318 382 cionibus
335 335 372 381 ac
387 316 553 381 beatorum
574 321 701 398 patrum
717 317 750 382 in
765 317 931 400 premissis
954 336 1019 383 non
1034 319 1127 384 decet
1148 315 1295 399 vestigiis
1318 315 1520 388 inherere,

175 435 346 512 pensantes
370 428 470 493 eciam
485 429 577 494 utilia
592 434 626 495 et
639 434 731 511 grata
753 430 895 512 ipsorum
918 429 1096 496 Judeorum
1119 428 1267 507 seruicia,
1292 446 1355 510 que
1377 427 1514 491 maie-

129 613 134 624 ,
176 544 250 608 stati
273 546 381 607 nostre
404 541 572 606 retroactis
588 540 739 606 exhibere
754 541 952 623 temporibus
968 545 1002 606 ct
1016 539 1202 622 frequenter
1216 544 1326 606 nostre
1351 553 1506 604 camere

175 674 238 719 non
262 654 413 719 desinunt
443 652 603 732 exhibere,
638 652 821 734 supradicta
845 652 1018 734 priuilegia
1040 657 1074 717 et
1095 652 1203 718 omnia
1232 657 1266 717 et
1294 651 1421 733 singula
1458 649 1499 711 in

62 809 65 816 Α
176 768 223 831 eis
241 771 390 831 contenta
405 765 594 831 auctoritate
613 764 745 830 Boemie
761 766 851 846 regia
865 765 1070 845 ratificamus
1095 765 1319 847 approbamus,
1343 763 1494 828 innona-

176 884 350 956 moseten
368 882 456 944 certa
471 877 611 943 sciencia
629 883 741 942 tenore
763 877 965 959 presencium
988 876 1211 943 confirmamus
1234 876 1380 941 adinstar
1395 877 1492 941 clare

64 999 68 1007 '
176 992 331 1058 memorie
366 991 503 1055 illustris
538 991 696 1072 quondam
719 989 877 1054 Jobannis
899 989 1031 1054 Boemie
1054 990 1150 1072 regis,
1186 989 1342 1072 genitoris
1376 983 1489 1054 nostri

180 1103 299 1183 dilecti,
325 1103 380 1184 qui
403 1103 471 1167 suis
493 1121 532 1167 ea
555 1101 681 1181 litteris
705 1120 786 1185 quas
801 1102 948 1182 vidimus,
972 1102 1122 1168 similiter
1142 1099 1357 1193 confirmauit.
1391 1094 1489 1165 Nulli

178 1237 256 1300 ergo
280 1215 408 1302 omnino
432 1214 595 1280 hominurn
619 1215 717 1279 liceat
738 1214 820 1280 hanc
842 1216 992 1298 paginam
1021 1221 1131 1281 nostre
1161 1214 1341 1279 maiestatis
1368 1213 1488 1279 inunu-

179 1350 256 1412 gere
280 1328 331 1394 vel
354 1329 385 1393 ei
407 1328 524 1410 quouis
547 1345 625 1391 ausu
649 1329 821 1393 temerario
845 1329 1013 1394 contraire.
1059 1328 1093 1393 Si
1116 1328 1189 1411 quis
1215 1333 1325 1422 autem
1355 1332 1487 1392 contra·

161 1443 263 1537 ¹rium
285 1445 475 1522 attemptare
498 1442 738 1523 presumpserit,
763 1441 1020 1523 indignacionem
1042 1446 1185 1506 nostram
1207 1439 1432 1522 grauissimam
1456 1436 1490 1497 et

181 1574 294 1637 penam
318 1552 550 1636 quinquaginta
572 1572 751 1618 marcarum
774 1554 844 1619 suri
865 1554 939 1636 puri
962 1554 1094 1634 tociens,
1129 1553 1282 1637 quociens
1307 1551 1490 1617 contrafac-

181 1674 249 1731 tum
271 1665 377 1746 luerit,
401 1684 440 1731 eo
463 1665 533 1748 ipso
557 1684 592 1732 se
614 1667 742 1732 nouerit
763 1667 975 1746 incursurum,
999 1666 1170 1732 medietate
1193 1683 1274 1748 pens
1298 1653 1492 1729 uniusmodi

183 1799 308 1846 camere
331 1798 389 1844 seu
411 1777 480 1844 fisci
503 1779 604 1844 nostri
627 1779 745 1861 regalis
768 1779 910 1858 Boemie,
935 1779 1060 1862 reliqua
1082 1797 1158 1844 vero
1181 1778 1325 1842 lesorum
1346 1777 1398 1844 vel
1422 1763 1494 1841 lesi

183 1893 292 1958 usibus
317 1892 549 1975 applicandam.
587 1893 698 1958 Testes
721 1892 816 1957 huius
843 1898 932 1959 sunt:
956 1891 1092 1957 illustris
1114 1891 1326 1957 Wenceslaus
1347 1891 1495 1956 Lucem·

182 2007 352 2087 burgensis
368 2012 401 2071 et
416 2005 580 2071 Jobannes
595 2005 881 2089 Maydeburgensis
904 2010 937 2071 et
950 2004 1128 2071 Brabancie
1144 2004 1216 2084 dux,
1240 2002 1341 2069 irater
1363 2007 1495 2069 noste12

99 2127 101 2131 '
185 2119 383 2186 venerabiles
405 2118 568 2184 lohannes
593 2117 825 2198 Olomucensis,
856 2117 1019 2184 Jobannes
1043 2116 1320 2200 Lutbomyslensis
1350 2121 1385 2181 ct
1404 2115 1497 2179 Teo·

185 2234 291 2298 ‹lricus
323 2232 500 2297 Mindensis
534 2231 685 2313 episcopi,
727 2230 871 2297 illustres
900 2230 1091 2295 Wilhelmus
1125 2228 1267 2294 marchio
1298 2220 1494 2295 misnensis

186 2346 287 2410 Bollro
303 2345 616 2427 Falkemburgensis,
632 2344 778 2408 Praimko
790 2342 991 2409 Tessinensis
1008 2346 1041 2408 et
1053 2341 1157 2406 Bolko
1174 2340 1361 2422 Opoliensis
1377 2341 1491 2406 duces

187 2458 378 2540 spectabiles
405 2457 555 2523 Albertus
586 2458 702 2537 senior,
737 2457 887 2522 Albertus
918 2454 1024 2520 iunior
1061 2454 1223 2537 principes
1253 2452 1416 2519 Aschanie
1449 2443 1487 2511 dc

189 2568 315 2647 Anhalt,
349 2569 541 2636 Wilhelmus
573 2571 612 2636 de
642 2569 905 2649 Kaczenelbogen
939 2572 973 2631 ec
1001 2566 1164 2631 Johannes
1194 2555 1481 2649 Maydeburgensis

190 2680 331 2757 comites,
356 2681 479 2747 nobiles
503 2683 619 2748 Sbinco
643 2682 682 2747 de
705 2679 925 2747 Hasemburch
949 2685 982 2744 et
1002 2679 1108 2743 Busco
1131 2678 1171 2743 de
1193 2677 1394 2758 Wilharticz,
1421 2691 1476 2742 11111·

190 2791 281 2875 gistri
306 2810 428 2857 camere
452 2802 569 2875 nostre,
592 2793 748 2859 liudolfus
764 2795 803 2859 de
819 2792 918 2871 Wart,
941 2775 1031 2856 Timo
1047 2792 1087 2856 de
1103 2790 1232 2856 Coldicz
1255 2795 1289 2856 et
1311 2791 1370 2856 alii
1393 2805 1476 2875 quau

191 2905 299 2985 plnres
322 2901 433 2968 fideles
456 2909 567 2972 nostri.
597 2906 801 2971 Presencium
824 2905 883 2970 sub
906 2904 994 2970 bulla
1016 2922 1123 2982 aurea,
1147 2903 1272 2987 typario
1295 2909 1406 2970 nostre
1429 2904 1476 2967 im·

191 3014 322 3096 periclis
345 3018 521 3082 maiestatis
549 3019 713 3099 impressa,
743 3017 926 3081 testimonio
950 3015 1139 3081 litterarum.
1183 3015 1303 3081 Datum
1326 3016 1361 3081 in
1385 3022 1479 3081 castro

193 3126 323 3192 Stoufen
346 3147 428 3193 anno
451 3130 572 3195 domini
595 3130 765 3194 millesimo
788 3129 1012 3194 trecentesimo
1044 3127 1309 3210 quinquagesimo
1333 3134 1434 3207 sexto,
1456 3128 1482 3192 Π

193 3241 345 3306 kalendas
369 3241 527 3322 Octobris,
552 3262 722 3323 regnorum
744 3248 926 3307 nostrorum
949 3259 1032 3306 anno
1054 3227 1231 3320 undecimo,
1262 3240 1392 3323 imperii
1414 3260 1485 3306 vero

194 3355 343 3419 secundo.

297 3570 394 3623 Prdvni
413 3586 486 3661 perg.
504 3569 619 3638 rukopis
632 3585 648 3620 v
660 3570 733 3623 arch.
752 3587 787 3624 m.
800 3569 889 3636 Prahy
906 3550 953 3622 list
971 3573 1021 3621 258
1034 3583 1068 3621 za
1080 3567 1202 3636 utpisem
1217 3566 1369 3633 ,Secuntur
1388 3574 1495 3623 statuta

194 3666 370 3720 Judeorum“.
389 3694 423 3703 -
442 3664 530 3732 Cesky'
548 3663 664 3732 pieklad
687 3669 743 3719 teto
762 3664 934 3732 konfirmace,
955 3663 1040 3730 jakoi
1058 3662 1067 3715 i
1086 3662 1258 3731 obsaienpch
1282 3666 1344 3715 vni
1367 3667 1438 3731 pra‘v
1457 3665 1497 3717 ti-

195 3760 334 3826 dovslry'cb
352 3760 429 3814 krtle
447 3760 586 3828 Piemysla
603 3759 723 3813 Otalrars
740 3760 774 3813 II.
792 3774 840 3813 zr.
855 3764 921 3812 1211
940 3758 1034 3812 naleza
1053 3769 1116 3811 ser
1134 3756 1213 3811 knize
1233 3756 1337 3823 „Pravo
1353 3759 1495 3813 rozlidnd‘*

196 3875 210 3909 z
230 3853 287 3908 XV.
307 3854 398 3907 stoletl
417 3871 451 3906 na
471 3863 518 3907 str.
538 3861 569 3908 16
588 3870 604 3905 r
622 3855 765 3909 biblioteee
784 3855 907 3923 kapitoly
924 3852 1127 3922 Vysehradske.
1146 3882 1180 3891 -
1198 3848 1309 3922 Visady
1327 3860 1356 3922 ty
1374 3853 1498 3922 potvrdil

196 3953 239 4004 tet
258 3948 318 4001 kral
336 3947 464 4002 Ladislav
482 3965 497 3998 v
515 3948 600 4002 Praze
619 3955 659 4004 17.
679 3949 779 4004 kvctna
800 3956 873 4009 1454.
