3068 5160
737 347 811 396 1418.
1360 349 1424 412 213

115 551 277 631 augendis
300 556 333 614 et
359 549 535 615 defectibus
567 552 786 616 ammonendis
816 551 953 617 lauimus
984 557 1017 617 et
1047 552 1247 636 indulsimus,
1279 555 1424 623 sanemus

115 663 240 727 virtute
270 663 472 744 presencium
502 670 534 728 et
564 665 752 729 auctoritate
783 665 872 746 regia
893 663 1026 730 Boemie
1057 665 1098 730 de
1121 673 1209 731 certa
1231 674 1341 733 nostra
1363 672 1424 735 sci-

114 776 223 854 encia,
259 776 298 839 de
329 775 483 856 singulari
518 783 627 840 nostra
657 777 765 857 gracia
794 776 1007 859 indulgemus
1038 784 1073 842 vt
1102 779 1165 861 ipsi
1198 781 1425 847 vniuersaliter

116 888 266 952 ruinersi
280 895 313 953 et
328 888 537 970 singulariter
559 890 677 971 singuli
701 907 815 954 census
838 908 961 954 annuos
976 895 1010 953 et
1023 896 1196 972 perpetuos
1219 892 1257 956 de
1277 894 1425 959 domibus

116 1021 180 1065 sen
203 1001 297 1066 bonis
327 1000 470 1081 ipsorum
494 1007 558 1064 tarn
581 1003 615 1065 in
639 1002 768 1066 ciuitate
802 1021 897 1083 quam
919 1003 953 1066 in
976 1005 1062 1066 terra
1095 1002 1351 1084 consistentibus
1385 1007 1424 1071 de

116 1115 238 1196 quibus
268 1120 376 1178 tamen
406 1132 476 1178 curn
508 1114 637 1178 ciuitate
667 1115 734 1196 pati
757 1120 790 1179 et
811 1132 909 1179 onera
939 1120 1092 1179 consueta
1122 1114 1238 1181 suffere
1268 1117 1422 1183 hactenus

116 1232 359 1291 consueuerunt
381 1231 414 1290 et
436 1226 540 1291 adhuc
570 1226 700 1291 cottidie
730 1227 908 1308 paciuntur,
933 1229 1086 1309 >personis
1115 1233 1181 1293 tam
1203 1229 1423 1311 spiritualibus

117 1358 219 1422 quam
243 1339 441 1403 secularibus
465 1340 695 1420 persoluenteS,
719 1339 850 1404 eosdem
874 1358 998 1421 census,
1022 1342 1106 1406 datis
1128 1360 1186 1423 pro
1211 1341 1353 1424 qualibet
1376 1361 1425 1408 se·

116 1470 246 1531 xagena
269 1470 384 1516 census
409 1453 518 1516 decem
541 1453 709 1533 sexagenis
731 1458 843 1534 parate
865 1453 1010 1535 pecunie,
1037 1452 1187 1518 exoluere
1209 1460 1243 1519 et
1263 1455 1422 1520 redimere

117 1565 252 1629 valeant
280 1571 375 1646 atque
404 1565 546 1645 possint3
578 1564 641 1627 ista
669 1571 777 1629 tamen
808 1565 993 1630 condicione
1023 1565 1207 1647 specialiter
1237 1567 1422 1632 interiecta:

117 1678 159 1741 In
183 1696 269 1756 casu,
301 1697 363 1759 qno
393 1696 561 1759 possessor
584 1683 616 1742 et
638 1684 766 1743 exactor
789 1696 941 1743 censuum
963 1678 1179 1760 predictorum
1202 1678 1313 1744 decem
1336 1697 1426 1744 sexa·

119 1809 223 1871 genas
245 1808 430 1871 grossorum
446 1796 555 1871 parate
571 1792 705 1872 pecunie
721 1809 778 1873 pro
794 1791 982 1857 exolucione
997 1791 1247 1876 vuiuscniusque
1267 1809 1426 1874 sexagcne
1458 1772 1474 1827 '-

120 1920 237 1968 oeneus
268 1903 366 1966 annui
389 1910 422 1966 et
443 1904 589 1984 perpetui
615 1903 655 1966 ab
678 1902 847 1967 exolnente
870 1907 910 1967 et'
924 1903 1112 1983 redimente,
1144 1903 1424 1988 quocienscunque

119 2016 181 2080 hoc
204 2015 310 2096 ipsum
333 2033 368 2079 se
391 2015 552 2094 obtulerit,
576 2016 719 2096 recipere
741 2014 876 2079 forsitan
899 2021 1071 2093 recusaret,
1095 2016 1181 2098 quod
1204 2021 1319 2082 extunc
1338 2017 1426 2081 exol-

120 2146 201 2192 uens
232 2132 264 2191 et
294 2128 454 2192 redimens
488 2128 593 2209 ipsum
623 2145 763 2207 censum,
800 2128 827 2191 si
858 2128 943 2193 bona
971 2128 1051 2192 talia
1080 2128 1114 2193 iu
1146 2128 1276 2193 ciuitate
1308 2130 1426 2195 situata

118 2240 248 2319 fuerint,
272 2259 329 2320 pro
353 2240 496 2322 qnalibet
518 2258 677 2321 sexagena
693 2258 807 2304 census
830 2241 977 2322 perpetui
1000 2240 1180 2306 exoluenda
1202 2241 1312 2306 decem
1336 2260 1425 2306 sexa·

120 2371 221 2434 genas
244 2371 427 2433 grossorum
451 2352 659 2433 Pragensium
681 2357 792 2433 parate
817 2352 952 2440 pecunie
976 2372 1037 2418 vna
1060 2371 1132 2418 cum
1155 2371 1252 2419 censu
1273 2361 1348 2419 tunc
1371 2355 1425 2417 de·

119 2465 187 2528 bito
219 2483 327 2528 coram
356 2464 509 2543 magistro
541 2464 660 2528 ciuium
682 2471 715 2528 et
741 2464 926 2530 consulibus
956 2465 1099 2547 predicte
1121 2465 1254 2531 Maioris
1285 2466 1425 2530 ciuitatis

120 2577 293 2658 Pragensis
316 2596 374 2658 pro
396 2583 539 2658 tempore
570 2577 796 2656 existentibns;
833 2578 883 2642 sin
907 2583 1014 2643 antem
1037 2580 1070 2644 in
1092 2584 1179 2644 terra
1208 2578 1271 2643 sita
1297 2577 1425 2658 inerint,

119 2695 237 2754 extunc
254 2708 360 2753 coram
375 2690 638 2754 vrzedniconibns
654 2695 688 2754 et
703 2689 851 2756 officiatis
867 2692 1050 2757 tabularum
1073 2696 1158 2757 terre
1181 2692 1273 2774 regni
1283 2691 1425 2771 Boemie,

121 2809 155 2866 vt
177 2802 277 2866 moris
300 2807 358 2880 est,
389 2802 548 2881 deponere
579 2804 818 2885 quomodolibet
850 2824 912 2869 non
944 2805 1101 2884 obmittat,
1133 2811 1166 2870 et
1192 2805 1232 2872 de
1256 2812 1362 2871 cetero
1386 2806 1426 2868 ad

119 2915 320 2979 solucionem
344 2932 496 2977 censuum
519 2915 720 2979 exolntornm
751 2917 840 2981 iuxta
863 2919 1073 2999 quantitatem
1099 2919 1307 3000 pecuniarum
1330 2917 1426 2998 depo-

120 3030 267 3105 sitarum,
291 3027 552 3107 repromittitur,
576 3028 706 3091 minime
729 3033 886 3094 teneatur.
910 3031 1116 3095 Presencium
1136 3031 1196 3096 sub
1212 3031 1300 3112 regie
1316 3037 1425 3094 nostre

120 3140 299 3205 maiestatis
330 3139 436 3219 sigillo
469 3140 651 3205 testimonio
675 3140 864 3207 litterarum.
910 3143 1027 3206 Datum
1051 3142 1153 3223 Prage
1184 3162 1266 3208 anno
1302 3142 1424 3207 domiui

121 3252 295 3316 millesimo
319 3249 574 3330 concubina
606 3253 657 3316 die
681 3253 805 3317 decima
827 3253 915 3332 Maii,
940 3272 1112 3334 regnorum
1137 3260 1318 3319 nostrornm
1342 3272 1424 3318 anno

119 3365 254 3429 Boemie
277 3361 357 3442 LV⁰,
381 3365 596 3428 Romanorum
619 3383 693 3429 vero
718 3363 833 3431 XLII⁰.

227 3554 277 3617 Ad
299 3554 492 3619 relacionem
515 3553 671 3619 lobannis
695 3554 847 3619 Beclrinie
871 3556 1098 3621 subcamerarii

660 3693 823 3758 lohannes
846 3693 1013 3775 Weilburg
1035 3695 1234 3760 decretorum
1258 3694 1377 3759 doctor.
1418 3664 1423 3689 ³

227 3908 310 3961 Liber
321 3909 526 3962 vetustissimus
544 3909 746 3976 privilegiorum
764 3911 787 3962 o.
801 3915 852 3963 993
872 3915 918 3962 str.
936 3915 985 3962 123
1003 3909 1143 3962 varchivn
1156 3926 1190 3962 m.
1203 3907 1300 3976 Praby.
1318 3906 1425 3976 Nadpis

120 4003 176 4058 uad
196 4004 309 4057 listinou
329 4003 458 4070 ,Littera
479 4001 551 4070 quod
570 4003 684 4070 quilibet
701 4004 769 4057 oiuis
783 4004 896 4057 Maioris
914 4003 1033 4057 ciuitatis
1046 4004 1201 4072 Pragensis,
1221 4004 1266 4071 qui
1284 4019 1345 4056 oum
1359 4003 1425 4057 ciui·

120 4109 179 4153 tate
199 4099 310 4167 patitur,
328 4105 421 4166 potest
438 4098 466 4150 in
484 4099 561 4150 bouis
582 4098 648 4167 suis,
667 4097 700 4151 de
720 4099 818 4165 quibus
837 4099 948 4167 patitur,
967 4115 1078 4153 censum
1091 4097 1232 4166 redimere,
1251 4097 1360 4167 quando
1375 4099 1428 4152 sibi

122 4194 262 4248 ridebitur
280 4193 433 4262 expedire*
757 4198 759 4202 '
