3090 5370
199 381 242 441 qq
812 382 885 428 1331.

199 607 254 647 son
279 586 456 650 dotacionis
480 585 617 648 liliorum
642 591 832 662 nostrarum,
856 587 1024 665 postquam
1040 583 1081 648 ad
1095 587 1213 647 etatem
1235 582 1378 647 nubilem
1394 601 1494 648 annos

200 701 348 763 siddicct
369 698 536 762 duodecim
560 696 792 778 peruenissent,
816 714 852 760 ac
875 695 989 761 deinde
1011 701 1086 777 post
1106 713 1224 759 annum
1239 714 1336 760 vnum
1359 696 1496 777 despon-

199 813 337 876 sacionis
361 811 452 889 facte,
476 829 609 892 regnum
623 809 761 895 ‚Boemie
785 827 822 873 ac
844 808 945 891 ipsius
968 809 1082 888 incole,
1106 808 1258 891 episcopi,
1282 808 1397 888 clerus,
1422 809 1497 873 reli-

199 926 290 1004 prosi,
313 926 459 1003 barones,
483 922 616 1001 nubiles,
641 923 805 987 ciuitatum
826 922 923 999 ciues,
947 939 1103 1002 pauperes
1120 927 1152 985 et
1167 921 1293 999 diuites,
1316 919 1496 986 faciendam

197 1044 290 1103 erant
312 1037 450 1115 obnoxii,
481 1035 624 1117 plenarie
647 1040 680 1099 et
702 1033 900 1116 integraliter
930 1034 1100 1116 recepisse.
1145 1034 1222 1099 Post
1246 1033 1306 1098 hec
1328 1034 1432 1098 eciam
1457 1037 1496 1100 ad

200 1156 325 1216 nostras
355 1168 465 1230 preces
497 1168 554 1230 pro
588 1147 764 1213 defectibus
794 1152 827 1211 et
855 1147 1100 1212 necessitatibus
1134 1147 1253 1211 nostris
1286 1146 1434 1229 pluribus
1466 1157 1496 1213 et

198 1262 410 1340 euidentibus,
435 1280 514 1344 quos
538 1260 618 1324 alias
640 1261 777 1324 euadere
804 1279 868 1325 non
890 1260 1061 1342 potuimus,
1092 1260 1208 1325 beruas
1236 1259 1345 1342 plures
1369 1280 1434 1326 uon
1458 1263 1496 1326 de

195 1376 276 1457 jure,
300 1375 418 1438 sedda
442 1393 551 1437 eornm
582 1391 670 1437 mera
692 1372 915 1438 beniuolcneia
944 1373 1036 1438 nobis
1065 1373 1152 1454 ipsos
1182 1372 1379 1454 persoluisse
1401 1375 1496 1455 proti·

195 1494 308 1565 temur,
340 1490 613 1567 recognoscentes,
644 1485 728 1567 quod
751 1484 812 1566 ipsi
835 1485 927 1550 nobis
955 1484 1090 1549 alicuius
1112 1486 1221 1564 berne,
1252 1491 1286 1550 vt
1309 1486 1494 1567 predicitur.

198 1600 328 1664 minime
357 1600 556 1678 tenebantur,
590 1598 676 1681 quod
705 1598 856 1663 maiestas
886 1598 975 1679 regia
1004 1598 1089 1680 apud
1119 1598 1206 1680 ipsos
1236 1617 1299 1664 nou
1333 1599 1494 1663 immerito

198 1711 406 1791 recognoscit
430 1711 480 1777 Ob
503 1711 588 1794 quod
610 1699 734 1775 sincere
756 1710 972 1792 promittimus
987 1715 1021 1774 et
1034 1708 1181 1775 volumus
1204 1711 1291 1792 ipsos
1315 1711 1493 1793 episcopos,

200 1825 328 1904 clerum,
352 1824 530 1906 religiosos,
554 1824 699 1901 barones,
724 1822 857 1901 nobiles,
882 1823 1047 1887 ciuitatum
1078 1823 1165 1887 ciues
1188 1841 1226 1887 ac
1248 1823 1370 1888 incolas
1395 1825 1495 1906 ipsius

200 1937 300 2002 nostu'
330 1936 420 2018 regni
450 1937 579 2001 inantea
601 1935 687 2000 circa
711 1936 786 2019 jura
809 1935 952 2017 ipsorum
974 1936 1014 2001 ab
1037 1936 1167 2018 antiquo
1199 1936 1370 2001 obseruata
1394 1936 1495 2001 inuio·

199 2048 338 2113 labiliter
360 2068 557 2132 permanere,
587 2047 772 2130 nullamque
802 2048 934 2113 bernam
955 2067 1014 2130 per
1035 2066 1104 2128 nos,
1135 2047 1270 2112 heredes
1292 2056 1421 2114 nostros
1444 2049 1496 2114 vel

198 2181 255 2243 per
279 2162 460 2245 quempiam
482 2167 591 2227 nostro
614 2161 742 2225 nomine
764 2161 805 2226 ab
827 2161 907 2241 ipsis
930 2161 969 2225 de
993 2167 1099 2226 cetero
1123 2166 1243 2243 petere,
1273 2161 1418 2243 recipere
1443 2182 1496 2227 vo-

199 2273 304 2339 lumus
338 2292 397 2339 nec
419 2275 581 2353 debemus,
610 2273 674 2338 uisi
705 2273 869 2355 contingat
890 2272 923 2338 in
944 2272 1051 2337 futuro
1082 2273 1162 2338 alias
1190 2291 1248 2339 nos
1270 2272 1390 2339 habere
1413 2274 1496 2340 filias

199 2386 292 2451 etatis
315 2385 458 2468 legitime
481 2385 662 2468 supradicte
677 2391 710 2450 et
724 2391 800 2450 tunc
821 2390 895 2466 post
909 2404 1005 2450 vnum
1023 2404 1152 2465 annum,
1175 2392 1344 2470 postquam
1368 2387 1498 2469 dispen-

199 2503 269 2563 sata
292 2498 366 2582 (sic)
388 2499 486 2564 fuerit
512 2516 621 2562 earum
652 2498 769 2579 aliqua,
800 2502 856 2561 aut
884 2496 987 2562 lilium
1009 2503 1153 2563 nostrum
1176 2498 1209 2564 in
1231 2518 1340 2581 regem
1363 2499 1497 2564 Boemie

199 2611 353 2690 coronari,
382 2617 459 2676 tunc
481 2610 566 2675 enim
589 2610 699 2675 licebit
728 2608 821 2675 nobis
843 2614 877 2673 et
898 2628 961 2675 nou
990 2594 1080 2692 prius
1112 2611 1243 2676 bernam
1266 2612 1307 2676 ab
1330 2612 1410 2693 ipsis
1438 2632 1497 2695 per

199 2722 353 2788 teutonem
375 2730 498 2788 tantum
522 2723 561 2787 de
584 2723 677 2788 laneo
700 2722 842 2805 quolibet
874 2723 1019 2804 accipere
1041 2728 1074 2788 et
1095 2724 1237 2806 recipere
1260 2729 1293 2788 et
1314 2743 1379 2788 non
1402 2725 1497 2791 vltra.

199 2835 347 2900 l‘retersa
361 2836 463 2901 eciam
477 2836 561 2900 bona
577 2841 686 2900 nostra
700 2834 762 2899 fide
779 2840 811 2899 et
827 2834 951 2899 sincera
966 2835 1191 2916 promittimus
1212 2835 1299 2918 ipsos
1315 2837 1496 2919 episcopos,

197 2946 327 3027 clerum,
361 2947 530 3029 religiosos
562 2954 594 3011 et
628 2947 793 3012 ciuitatum
828 2947 915 3011 ciues
946 2947 979 3012 in
1009 2948 1195 3030 recepcione
1229 2949 1326 3013 berne
1357 2949 1498 3014 alicuius

198 3060 412 3140 eburonibus,
436 3060 597 3127 nobilibus
620 3065 776 3125 terrarum
800 3066 979 3125 nostrarum
996 3078 1059 3124 non
1074 3060 1252 3141 seiungere,
1276 3069 1364 3125 aute
1385 3069 1499 3128 contra

197 3172 334 3237 barones
356 3178 389 3237 et
411 3173 534 3239 nobiles
557 3173 590 3238 in
613 3173 711 3238 berne
734 3172 869 3237 alicuius
890 3171 1063 3253 singularis
1085 3173 1218 3237 dacione
1241 3173 1281 3236 ab
1304 3173 1384 3255 ipsis
1408 3176 1499 3239 simi·

195 3282 270 3348 liter
293 3290 494 3367 sequestrare
516 3291 549 3350 et
572 3285 732 3364 diuidere3
764 3285 820 3348 sed
842 3284 999 3365 volumus,
1030 3291 1065 3350 vt
1094 3284 1156 3367 ipsi
1186 3303 1296 3350 omnes
1320 3293 1353 3350 et
1376 3287 1498 3370 singuli

196 3396 237 3460 ad
260 3395 457 3462 solucionem
487 3403 520 3462 et
549 3396 714 3462 dacionem
744 3396 879 3461 alicuius
909 3397 1007 3462 berne
1037 3397 1129 3462 nobis
1159 3396 1210 3462 vel
1241 3398 1413 3463 heredibus
1442 3408 1500 3464 aut

196 3508 435 3575 successoribus
465 3510 583 3575 nostris
612 3509 858 3592 persoluenuam
884 3509 1014 3575 insimul
1041 3510 1107 3574 sint
1132 3510 1265 3576 astricti.
1311 3510 1344 3575 Si
1369 3517 1496 3576 contra·

196 3622 279 3687 rium
294 3694 296 3703 ,
309 3621 440 3705 aliquod
461 3640 520 3704 per
541 3640 599 3687 uus
622 3622 675 3686 uel
697 3622 798 3686 filiurn
827 3627 973 3687 nostrum
1003 3629 1058 3688 aut
1087 3621 1185 3687 alium
1216 3641 1254 3686 ex
1278 3628 1369 3704 parte
1393 3625 1497 3688 nostri

198 3753 418 3817 quemcunque
441 3734 539 3800 buerit
568 3739 799 3817 attemptatum,
823 3734 893 3817 ipso
917 3734 1000 3800 facto
1023 3754 1147 3799 exnunc
1170 3740 1264 3817 prout
1289 3742 1405 3800 extunc
1430 3756 1496 3800 onr-

197 3847 291 3912 nibus
315 3851 349 3912 et
371 3846 507 3928 singulis
530 3847 631 3929 ipsius
654 3847 745 3929 regni
767 3847 869 3912 nostri
892 3846 1015 3926 incolis,
1039 3846 1189 3912 videlicet
1211 3847 1380 3928 episcopie,
1397 3847 1494 3926 clero,

197 3957 367 4039 religiosis,
390 3959 561 4038 nobilibus,
581 3960 753 4025 baronibus
769 3965 802 4024 et
817 3960 982 4024 ciuitatum
1003 3960 1136 4035 ciuibus,
1152 3958 1346 4041 pauperibus
1363 3965 1396 4023 et
1412 3960 1495 4023 diui·

195 4066 282 4131 tibus
303 4069 434 4134 bernam
466 4073 568 4153 ipsam
599 4072 700 4152 nobis,
730 4071 901 4137 heredibus
924 4077 957 4135 et
979 4071 1217 4136 successoribus
1247 4071 1366 4135 uostris
1397 4072 1496 4136 dene·

197 4179 302 4261 gandi,
333 4187 442 4248 mutuo
466 4204 500 4249 se
524 4185 656 4249 iuuandi
679 4189 711 4248 et
734 4184 825 4249 nobis
855 4182 1024 4248 resistendi
1050 4182 1081 4247 in
1105 4182 1164 4247 bac
1194 4190 1283 4264 parte
1306 4189 1430 4248 tantum
1462 4185 1495 4248 in

198 4287 334 4354 solidum
368 4291 494 4373 plenam
525 4301 558 4360 et
590 4295 723 4361 liberam
759 4302 865 4378 preter
898 4294 1045 4379 quamuis
1079 4302 1220 4360 rrtrstram
1254 4294 1496 4376 displicenciam

198 4400 309 4466 (lamus
331 4407 532 4483 presentibus
554 4405 748 4473 facultatem.
783 4405 914 4485 Herum,
938 4424 1017 4490 qum
1042 4425 1147 4471 cicorum
1171 4407 1379 4488 principibus,
1404 4408 1496 4471 nobi-

197 4511 281 4578 libus
309 4532 368 4581 seu
402 4516 643 4601 quibuscunque
677 4518 750 4585 aliis
781 4518 998 4585 tlorrrmutrmu
1022 4526 1171 4601 potmunt
1201 4520 1233 4584 in
1263 4520 1496 4598 testimonium,
