3068 5160
743 352 817 402 1357.

688 555 704 592 *
728 536 792 621 Cis.
816 557 868 622 64.

454 726 559 795 1357.
599 727 656 795 29.
680 727 875 796 cernente.
911 729 976 794 Bez
999 688 1102 798 mlsta.

90 971 95 976 .
164 906 272 1002 (hmky‘
292 917 366 981 lortil
380 885 508 980 [adath
523 919 688 1001 potorzaje
711 941 732 982 o
754 917 903 1002 obaoouje
926 919 1060 1003 kupcdm
1073 919 1243 1008 I'ratsky'm
1257 946 1278 987 a
1293 923 1420 989 Noram-

77 1050 94 1089 ε·
158 1019 266 1112 tettp‘m
295 1029 427 1114 ogdoada,
458 1029 567 1093 lderott
597 1028 638 1093 od
659 1039 721 1092 otte
744 1030 820 1114 jobo
843 1029 948 1095 Karla
969 1030 1106 1096 Roherta
1128 1031 1194 1119 tyb·
1214 1034 1358 1111 tedred,
1389 1043 1421 1100 ie

80 1163 90 1185 ··
270 1145 390 1227 otnaaja‘
414 1166 429 1205 o
457 1140 580 1205 Utrmt
598 1164 660 1224 pro
682 1143 740 1205 oizi
761 1141 859 1228 ditty
880 1166 902 1207 a
922 1144 998 1229 virty
1019 1147 1184 1209 atavotdai
1205 1145 1279 1232 tyri.

77 1414 87 1428 „
228 1342 412 1408 Ludouitus
443 1343 497 1423 dei
531 1343 639 1425 gracia
672 1342 855 1426 Hungarie‚
888 1344 1071 1425 Dalmatia,
1106 1343 1277 1428 Orontem,
1310 1349 1419 1428 Reme,

77 1500 83 1541 :
151 1446 245 1536 Seruio,
270 1455 418 1533 Gallieie
441 1455 641 1535 Lodomerie‚
666 1453 828 1535 Cumania
851 1455 1068 1540 Bulgarieque
1089 1476 1155 1537 rex,
1181 1459 1329 1542 princeps
1352 1459 1421 1525 Sal·

79 1644 81 1649 ,
150 1559 311 1632 lernitanus
342 1573 376 1633 et
403 1568 534 1634 honoris
565 1586 602 1634 ac
632 1568 749 1634 montis
781 1568 882 1634 sancti
915 1567 1031 1651 Angeli
1063 1570 1221 1636 dominus.
1266 1570 1422 1639 Omnibus

78 1724 80 1744 2
149 1671 242 1745 Christi
273 1680 422 1746 fidelibus
451 1687 518 1747 tam
552 1681 755 1763 presentibus
786 1700 882 1775 quam
907 1681 1025 1747 futuris
1047 1683 1249 1763 presentium
1271 1685 1422 1751 noticiam

148 1784 281 1858 habituris
304 1793 441 1858 salutern
464 1794 497 1858 in
520 1794 662 1858 omniurn
685 1793 856 1858 saluatore.
894 1794 993 1876 Regio
1018 1795 1201 1860 serenitatis
1223 1796 1326 1879 glorie
1349 1817 1423 1864 ton-

147 1904 212 1978 gruit
228 1886 263 1971 et
284 1906 399 1970 honori
415 1905 544 1987 populis
567 1923 631 1972 non
653 1905 757 1970 solum
780 1905 842 1971 sibi
865 1906 1027 1986 subiectis,
1048 1924 1162 1972 verum
1185 1909 1288 1974 etiam
1310 1909 1423 1982 alienie

146 2017 214 2091 genis
244 2021 277 2083 in
309 2036 403 2082 suum
426 1996 559 2099 regnum
585 2017 877 2100 proficissoentibus
900 2018 1105 2101 antiquorum
1133 2037 1258 2100 regum·
1276 2023 1423 2105 exempla

145 2123 298 2196 inmitando
329 2132 473 2214 quietum
502 2131 673 2213 disponere
706 2130 877 2195 transitum
911 2134 945 2194 et
976 2147 1134 2211 securum,
1167 2136 1202 2197 vt
1235 2134 1421 2214 prouisione

144 2243 356 2335 moderationis
379 2243 498 2326 regalis
521 2261 632 2308 eorum
655 2243 823 2308 incomoda
845 2242 1050 2308 excutiantur
1064 2248 1098 2308 et
1111 2224 1332 2327 tranquilitate
1348 2265 1421 2312 con-

143 2354 228 2435 cupita
250 2358 284 2421 in
305 2375 416 2421 eorum
438 2355 576 2421 transitu
599 2357 776 2437 potiantur.
798 2355 936 2420 Proinde
959 2355 1000 2419 ad
1023 2356 1246 2422 uniuersorum
1269 2358 1420 2423 noticiam

143 2456 235 2534 harum
266 2470 351 2534 serie
382 2469 529 2533 volumus
559 2468 738 2550 peruenire,
769 2469 854 2550 quod
884 2467 1078 2533 uniuersitas
1109 2475 1323 2535 mercatorum
1345 2471 1421 2535 Pra-
1470 2513 1472 2517 v

141 2582 268 2651 lensium
291 2588 324 2647 et
346 2580 676 2662 Nerumburgensium
706 2580 815 2645 missis
846 2580 886 2644 ad
916 2598 974 2645 nos
997 2579 1131 2647 Nicolao
1154 2579 1256 2664 Serph
1278 2588 1312 2648 et
1331 2581 1421 2649 Voll-

141 2701 209 2758 ramo
232 2694 397 2777 Stromayr
420 2693 564 2758 nunctiis
587 2693 730 2774 ipsorum
750 2698 858 2757 nostre
873 2694 1034 2758 maiestati
1056 2694 1168 2760 intime
1191 2695 1421 2778 supplicarunt,
1499 2712 1503 2721 '

138 2807 248 2889 stipsis
272 2808 312 2872 de
336 2807 424 2889 regie
440 2806 644 2872 liberalitatis
660 2806 891 2887 circumspecta
906 2806 1114 2887 prouidentia
1129 2807 1294 2874 libertates
1310 2828 1421 2875 eorum

137 2921 281 2995 quondam
312 2938 369 3001 per
398 2920 543 2985 inolitum
572 2919 749 3000 principem
773 2918 936 2983 dominum
959 2918 1115 2984 Karulum
1146 2920 1290 2986 inolitum
1314 2941 1422 3004 regem

135 3023 297 3115 hungarie,
322 3038 445 3115 patrem
468 3038 612 3097 nostrum
635 3031 848 3110 karissimum,
873 3049 969 3112 super
991 3049 1039 3111 eo,
1064 3051 1104 3096 ne
1127 3033 1190 3114 ipsi
1212 3053 1269 3115 pro
1292 3035 1420 3102 debitis.

133 3143 251 3210 offensis
275 3152 308 3210 et
330 3145 514 3210 excessibus
537 3144 674 3208 aliorum
696 3143 796 3208 aliubi
819 3143 852 3208 in
875 3163 973 3224 regno
990 3151 1098 3208 nostro
1113 3145 1240 3227 possint
1252 3164 1311 3228 per
1325 3166 1421 3229 quos-

130 3258 206 3336 piam
237 3258 410 3340 prohiberi,
441 3258 532 3322 datas
555 3255 703 3337 legaliter
724 3260 758 3320 et
780 3274 949 3321 concessas
979 3230 1159 3336 restituere,
1191 3257 1365 3322 reformare
1389 3266 1421 3323 ot
1513 3253 1517 3263 ’

126 3376 302 3435 restaurare
325 3369 627 3452 primordialemque
650 3368 793 3433 eiusdem
816 3369 916 3450 patris
940 3370 1041 3433 nostri
1063 3367 1239 3434 efficatiam
1262 3370 1437 3435 stabiliori-

122 3488 230 3549 tenore
261 3483 468 3564 dignaremur
496 3501 554 3563 pro
584 3481 705 3545 eisdem
735 3480 896 3545 sollidare.
942 3478 1008 3544 Nos
1032 3481 1130 3560 igitur
1152 3479 1420 3563 frequentissimis

120 3604 152 3658 et
184 3595 318 3659 diutinis
348 3594 639 3676 supplicationibus
662 3592 836 3657 eorundem
858 3590 983 3655 Nicolai
1007 3590 1109 3674 Serph
1131 3598 1165 3658 et
1186 3591 1363 3657 Wolfframi
1388 3595 1420 3660 in

118 3709 267 3790 personis
299 3693 473 3771 eorundem
503 3710 716 3771 mercatorum
746 3709 854 3769 nostre
885 3703 1044 3768 maiestati
1073 3705 1230 3785 porrectis
1261 3704 1421 3771 fauorabi-

116 3821 195 3885 liter
216 3819 376 3883 exauditis
391 3818 583 3883 utilitatibus
606 3817 780 3882 eorundem
802 3820 1014 3880 mercatorum
1037 3823 1070 3882 et
1091 3818 1193 3883 etiam
1209 3817 1299 3900 regni
1319 3820 1421 3883 nostri

117 3931 341 4010 consideratis,
372 3950 508 3996 vnaeum
530 3929 662 4011 prelatis
684 3937 717 3994 et
739 3930 830 4012 regni
861 3928 964 3993 nostri
993 3929 1166 3996 baronibus
1189 3937 1314 3996 matura
1341 3931 1421 3996 deli·

114 4044 290 4110 beratione
319 4044 487 4124 prehabito
520 4048 696 4107 statuentes
731 4042 924 4120 tomisimua
959 4047 993 4106 tt
1019 4047 1213 4107 mercatores
1243 4042 1422 4126 Pragenses

115 4163 149 4221 et
180 4154 493 4237 Netumburgienses
517 4154 675 4236 prenotati
702 4173 773 4220 cum
803 4174 913 4220 eorum
943 4157 1039 4221 rebus
1070 4160 1104 4220 et
1132 4156 1292 4222 mercibus
1314 4157 1349 4220 in
1371 4176 1422 4222 re-

115 4287 218 4350 gnum
249 4258 394 4332 nostrum
423 4267 587 4332 venientes
617 4285 674 4348 pro
705 4269 898 4349 excessibus,
930 4267 1060 4333 offensis
1087 4274 1120 4334 et
1142 4268 1259 4334 debitis
1285 4268 1423 4335 aliorum

114 4384 333 4445 mercatorum
363 4379 467 4444 nullas
498 4379 531 4443 in
561 4396 659 4460 regno
690 4386 798 4445 nostro
828 4399 887 4462 per
909 4381 1075 4463 quospiam
1097 4380 1226 4446 valeant
1247 4381 1421 4463 prohiberi,

115 4492 182 4558 nisi
205 4491 262 4571 hii,
287 4492 343 4574 qui
366 4491 526 4556 debitores
543 4491 684 4555 existunt
704 4491 755 4555 vel
779 4493 811 4556 in
834 4492 907 4571 aliis
923 4485 1107 4559 excessibus
1123 4500 1156 4560 et
1174 4493 1305 4560 offensis
1321 4495 1422 4572 intul-
