3068 5160
700 108 775 156 rasa.
1343 105 1387 169 69

89 320 164 376 riam
195 311 394 397 krulooskpm
422 314 558 385 uturum,
585 310 688 397 jalooi
704 311 719 374 i
738 311 869 375 alomna
892 310 964 395 jicb
989 314 1094 394 prdoa
1115 333 1137 374 a
1158 310 1302 397 scobody,
1327 313 1389 396 pii

89 426 174 487 nicini
183 427 222 510 je
243 426 309 488 cbce
330 423 499 498 zacboomr,
523 423 637 508 peimi
659 422 698 509 lp
718 424 784 507 jim
807 425 911 507 pedon
931 422 1077 506 capsace
1092 421 1199 487 nadal.
1243 424 1386 490 Zdroveri

88 536 206 621 slibuje,
238 542 269 599 ie
299 536 340 601 od
368 538 524 599 cubitando
554 560 575 599 α
604 534 784 620 obyoatcldv
820 534 940 598 Vestite
972 536 1070 597 mecla
1102 532 1205 600 bl'ltem
1234 536 1318 602 duom
1345 537 1387 602 lot

468 647 587 712 oebrzde
609 647 748 733 {adagim
766 650 861 731 pertc'z
882 646 998 711 udas.

187 873 254 939 Nos
271 874 410 941 Karolus
425 875 546 941 domini
561 875 646 957 regis
661 924 669 941 .
683 923 692 942 .
704 873 946 957 primogenitus,
969 872 1110 939 marchio
1126 872 1282 940 Morauie.
1307 873 1385 940 Vni-

87 987 187 1052 uersis
210 994 377 1070 presentes
403 986 528 1053 litteras
558 987 761 1070 inspecturis,
791 986 994 1069 presentibus
1023 992 1057 1052 et
1084 984 1211 1068 futuris,
1236 987 1385 1053 uolumus

86 1118 153 1165 csse
178 1108 299 1179 uotum,
324 1100 409 1184 quod
428 1101 593 1166 venientes
617 1101 652 1165 in
672 1100 838 1182 presencia
859 1108 970 1164 nostra
991 1097 1101 1164 dilecti
1123 1097 1235 1165 fideles
1257 1100 1384 1183 patenti

86 1220 115 1276 et
136 1212 251 1291 nostri,
272 1213 371 1296 judex
394 1218 427 1277 et
449 1211 598 1278 consules
619 1217 752 1295 totaque
774 1213 984 1278 communitus
1010 1210 1130 1277 ciuium
1152 1211 1294 1277 ciuitatis
1316 1211 1385 1277 Ma·

86 1325 160 1391 ioris
175 1325 348 1406 Prageusis
364 1343 422 1390 nos
438 1325 598 1407 suplicare
620 1323 785 1391 humiliter
807 1330 1010 1404 consuerunt,
1034 1323 1120 1407 quod
1142 1342 1215 1389 cum
1237 1322 1385 1389 domiuus

84 1438 208 1519 genitor
238 1442 349 1502 noster
371 1438 436 1503 iam
458 1438 563 1504 dictus
586 1443 620 1503 et
641 1455 699 1503 uos
730 1437 827 1503 certis
856 1436 1060 1504 libertatibus
1082 1441 1117 1503 et
1137 1435 1255 1518 graciis
1283 1435 1385 1518 ipsam

85 1550 248 1615 ciuitatem
264 1556 296 1615 et
319 1551 407 1615 ciues
422 1551 600 1633 Progenses
624 1549 857 1629 libortauimus,
881 1547 966 1615 datis
988 1548 1036 1614 ais
1058 1547 1178 1613 nostris
1199 1547 1385 1631 patentibus

84 1661 209 1740 litteris,
234 1679 370 1743 quarum
392 1669 485 1728 tenor
506 1663 581 1729 talis
612 1681 684 1729 esse
706 1660 900 1728 dinoscitur:
923 1659 991 1726 Nos
1012 1659 1176 1726 lohannes
1198 1666 1260 1726 etc.
1307 1659 1385 1743 (Na
1444 1671 1448 1681 ·

83 1774 205 1858 sleduJe
236 1774 293 1839 list
321 1774 412 1841 krale
434 1775 517 1842 Jana
547 1751 578 1842 dss
600 1796 621 1839 v
642 1775 741 1841 Praze
773 1774 824 1840 15.
854 1773 970 1840 dervna
1001 1772 1083 1837 1341
1116 1770 1144 1838 d.
1165 1772 1234 1855 42),
1273 1773 1384 1854 digna-

83 1906 190 1952 remur
210 1887 261 1952 eis
277 1887 317 1952 de
336 1887 469 1970 speciali
484 1888 659 1954 clemencia
679 1892 823 1953 tenorem
838 1887 980 1969 ipsarum
993 1884 1174 1951 litterarum
1188 1888 1222 1949 et
1235 1888 1386 1949 contenta
1449 1952 1452 1961 ,

84 2000 184 2065 ineis
208 2000 355 2081 graciose
377 1999 564 2082 approbare.
587 1998 654 2066 Nos
676 1999 786 2083 itaque
807 1998 952 2065 volentes
973 1996 1115 2081 prelatos
1137 1996 1225 2063 ciues
1248 2001 1282 2061 et
1303 1996 1383 2061 ciui·

83 2118 180 2177 tatem
212 2111 408 2193 Pragensem
441 2112 560 2177 nostris
593 2111 791 2194 temporibus
821 2111 854 2176 in
882 2110 1036 2193 predictis
1066 2129 1104 2175 ac
1134 2109 1208 2175 aliis
1241 2108 1384 2191 ipsorum
1516 2134 1522 2145 ·

86 2226 209 2303 pruciis,
241 2223 445 2289 libertatibus
468 2229 501 2289 et
519 2224 646 2307 juribus
675 2229 884 2290 manutenere
906 2228 940 2289 et
961 2222 1072 2289 fouere
1103 2220 1245 2305 prelatas
1270 2220 1384 2286 immu-

86 2337 198 2404 nitates
230 2342 264 2402 et
291 2335 458 2401 libertates
488 2335 521 2401 in
551 2336 646 2401 dictis
675 2335 793 2401 litteris
823 2352 991 2417 expressas
1017 2342 1051 2402 ot
1072 2340 1238 2402 contentus
1268 2352 1383 2417 appro-

85 2447 203 2528 bamus,
229 2447 433 2530 ratificamus,
456 2447 673 2530 gratificamus
695 2452 847 2530 etratus,
869 2452 978 2531 gratas
993 2453 1027 2514 et
1040 2447 1148 2514 firmas
1170 2442 1290 2515 habore‘
1311 2464 1384 2514 osse

86 2561 227 2627 tolentes
261 2578 317 2625 eas
348 2566 380 2625 et
410 2578 520 2625 earum
554 2559 719 2643 quodlibet
750 2567 862 2627 tenore
894 2559 1096 2643 presencium
1131 2560 1384 2642 comprobamus.

86 2672 234 2739 Preterea
256 2673 400 2738 volentes
429 2671 570 2755 prelatos
602 2674 689 2738 ciues
719 2680 752 2740 et
782 2674 945 2740 ciuitatem
968 2673 1162 2754 Pragensem
1190 2674 1223 2738 iu
1246 2674 1383 2754 singulis

86 2804 192 2852 eorum
213 2785 341 2869 juribus
364 2791 398 2852 et
420 2786 598 2868 priuilegiia
623 2805 814 2852 conseruare
830 2787 1054 2869 promittimus,
1078 2787 1224 2851 volumus
1240 2793 1273 2851 et
1289 2805 1384 2868 spon-

85 2899 192 2966 demus
217 2898 305 2979 ipsos
330 2899 417 2962 ciues
434 2904 467 2963 et
481 2899 644 2965 ciuitatem
660 2899 854 2980 Pregensern
870 2901 903 2965 in
914 2899 1042 2982 juribus
1064 2905 1098 2964 ct
1116 2899 1249 2982 justicia
1272 2917 1382 2963 aarum

85 3012 269 3092 plenissime
300 3030 500 3091 conseruare,
531 3012 631 3078 donec
658 3013 711 3094 jus
742 3011 896 3093 scriptum
926 3030 984 3077 seu
1014 3012 1177 3077 redactum
1199 3012 1232 3077 in
1256 3012 1383 3092 scriptis

84 3123 246 3206 perpetuis
270 3123 318 3187 eis
341 3123 488 3188 duximus
519 3123 753 3190 conferendum.
799 3122 923 3190 Ceteris
952 3124 1168 3206 promittimus
1195 3123 1329 3188 firmiter
1351 3127 1384 3186 et

84 3235 229 3301 volumus
252 3233 393 3316 prefatos
416 3237 503 3302 ciues
527 3243 560 3302 et
582 3235 745 3302 ciuitatem
764 3236 958 3318 Pragcnsem
980 3236 1014 3300 in
1036 3253 1146 3300 eorum
1168 3234 1381 3313 libertatibus,

83 3347 264 3428 priuilegiis
287 3353 321 3412 ot
342 3349 459 3429 graciis
482 3349 734 3432 quibuscunque,
767 3366 846 3430 quas
869 3367 947 3430 erga
968 3347 1022 3413 uel
1044 3350 1155 3413 contra
1176 3344 1300 3410 nobiles
1325 3363 1383 3409 seu

82 3461 250 3525 ciuitatum
273 3461 360 3525 ciues
384 3461 475 3542 regni
497 3460 650 3526 Bolremie
665 3459 715 3525 vel
739 3459 821 3525 alios
838 3477 1045 3543 quoscunque
1070 3458 1189 3525 habent
1210 3462 1243 3522 et
1265 3455 1383 3523 habere
1408 3492 1410 3497 ·

82 3572 301 3651 dinoscuntur,
324 3591 382 3653 pro
409 3572 530 3636 viribus
559 3589 749 3638 conseruare
772 3573 862 3638 iuxta
881 3576 1026 3637 tenorem
1047 3569 1228 3635 litterarum
1256 3568 1382 3649 ducum,

81 3703 193 3767 regrum
216 3690 250 3749 et
271 3684 450 3765 principum
479 3684 631 3748 urernorie
661 3684 736 3749 diue
766 3685 858 3766 regni
879 3683 1044 3763 Bohemie,
1077 3700 1138 3747 nec
1168 3699 1232 3747 uon
1260 3680 1383 3747 domini

82 3797 241 3878 genitoris
265 3797 366 3861 nostri
389 3795 504 3877 prefati
520 3800 554 3860 et
567 3802 749 3861 nostrorum
761 3797 809 3861 eis
829 3813 991 3878 superous
1007 3794 1133 3860 diucius
1147 3810 1382 3861 concessorum.

80 3908 219 3991 Insuper
240 3909 456 3989 promittimus
486 3908 615 3973 omnino
638 3914 672 3973 et
693 3909 858 3975 attendere
880 3907 1028 3974 volumus
1051 3912 1085 3973 et
1106 3906 1268 3986 debemus,
1297 3908 1383 3990 quod

78 4021 152 4086 hinc
176 4019 262 4086 infra
283 4021 447 4086 biennium
477 4019 668 4102 cornpletum
691 4039 711 4085 a
731 4020 865 4102 prelatis
895 4020 1021 4087 ciuibus
1043 4024 1078 4087 et
1099 4018 1280 4087 hominibus
1303 4019 1383 4113 ciui-¹

77 4134 155 4198 tatis
183 4134 356 4215 Pragensis
386 4132 519 4198 Maioris
542 4132 663 4198 nullom
685 4133 738 4198 uel
762 4133 867 4199 nullas
889 4134 1018 4215 penitus
1041 4120 1215 4214 ¹pecuniam
1243 4130 1297 4197 uel
1326 4148 1386 4215 pe-

77 4248 194 4311 cunias
218 4246 347 4327 exigere
379 4245 602 4328 quoquomodo
639 4244 785 4310 volumus
799 4246 835 4327 ¹).
880 4226 1003 4311 Harum
1025 4244 1109 4313 serie
1139 4226 1175 4311 et
1196 4244 1322 4311 testimo
