3068 5160
673 420 748 468 raca.
1165 392 1172 406 ’
1317 416 1356 481 17

87 642 150 685 nom
185 622 312 687 ciuibus
346 623 436 703 regni
471 622 573 703 ipsam
603 623 766 689 ciuitatem
797 623 1000 689 visitantibus
1031 628 1138 687 notam
1168 624 1295 689 ruboris
1326 628 1359 689 at

87 735 251 800 erecundie
274 752 370 816 passa
392 734 508 800 fuisset
523 755 581 816 per
596 736 697 801 rrrulta
711 743 856 818 tempora
878 756 942 802 non
959 735 1116 801 modicam
1138 754 1178 800 ex
1199 754 1248 815 eo,
1273 736 1359 818 quod

88 865 121 912 011
141 847 277 912 haberet
298 848 426 912 domum
449 848 576 913 consilii
593 855 625 914 et
639 849 838 931 maniloquii
862 848 946 914 sicut
960 847 1024 913 alie
1039 847 1188 913 ciuitates
1203 846 1358 928 capitales

87 965 294 1024 onsueuerunt
309 959 438 1039 habero,
463 961 495 1025 in
518 980 582 1043 qua
605 979 700 1027 cause
723 979 820 1043 super
842 960 980 1026 diuersis
1002 959 1144 1041 negociis
1168 958 1309 1024 ciuitatis
1324 964 1358 1025 at

87 1072 191 1136 cnsilio
214 1072 334 1137 ciuimn
356 1078 580 1151 tractarentur,
613 1079 646 1138 et
668 1078 831 1155 oporteret
860 1073 947 1154 ipsos
970 1072 1059 1137 ciues
1081 1072 1269 1153 septimanis
1290 1071 1357 1137 sin·

88 1184 141 1246 ulis
164 1204 300 1266 querere
323 1186 453 1251 diuersa
476 1185 618 1250 locorum
641 1184 834 1250 diuerticula
865 1184 1007 1265 ipsorum
1035 1184 1150 1249 honori
1172 1185 1277 1249 minus
1301 1184 1356 1249 de·

88 1298 165 1362 enda
195 1316 253 1379 pro
284 1299 391 1363 causis
414 1298 555 1363 ciuitatis
577 1304 611 1363 et
632 1298 775 1380 negociis
805 1297 1047 1380 pertractandis.
1092 1295 1183 1361 Alter
1212 1296 1355 1361 defectus

88 1409 197 1474 iuitatis
219 1409 290 1490 furt,
322 1412 407 1493 quod
431 1430 502 1476 cum
532 1410 650 1477 notarii
680 1412 781 1476 nostri
805 1417 909 1477 certos
932 1429 995 1475 non
1017 1410 1172 1475 haberent
1200 1409 1355 1487 redditus,

91 1528 141 1586 cut
168 1522 286 1586 notarii
310 1522 445 1588 aliarum
476 1525 642 1589 ciuitatum
673 1523 857 1606 capitalium
884 1526 1120 1588 consueuerunt
1148 1521 1276 1601 habere,
1299 1539 1357 1604 per

88 1651 136 1697 ros
158 1640 293 1716 possent
318 1634 435 1701 habere
462 1632 532 1719 οῖ’)
556 1636 827 1701 sustentacionem
849 1633 1055 1700 honorificam
1082 1638 1116 1700 et
1136 1634 1301 1700 decentem
1323 1638 1357 1700 et

90 1764 187 1829 super
216 1748 250 1812 in
280 1748 374 1812 domo
408 1749 517 1830 aliqua
546 1749 713 1814 honestam
746 1747 956 1814 residenciam
987 1745 1195 1829 corporalem,
1229 1747 1262 1812 in
1292 1765 1357 1829 qua

89 1860 277 1926 uenirentur
307 1879 434 1942 semper
462 1862 565 1942 parati
596 1861 637 1926 ab
667 1860 814 1925 omnibus
847 1859 989 1941 ipsorum
1020 1857 1193 1924 seruicium
1222 1877 1280 1940 pro
1302 1857 1355 1924 lit-

88 1973 131 2037 ris
157 1972 210 2037 rel
237 1992 295 2054 pro
322 1973 395 2038 aliis
419 1975 560 2039 ciuitatis
583 1975 726 2056 negociis
755 1973 1003 2057 requirentibus,
1033 1977 1067 2038 et
1088 1971 1129 2036 ob
1151 1971 1272 2035 dictum
1301 1971 1355 2037 de-

88 2092 169 2149 ctum
190 2085 288 2150 iidem
303 2087 420 2151 notarii
436 2087 537 2151 nostri
561 2087 695 2152 forsitan
719 2087 856 2152 libenter
870 2085 1026 2164 viderent,
1048 2089 1083 2149 vt
1105 2084 1199 2149 annis
1221 2082 1354 2149 collecte

91 2197 283 2278 lligerentur
312 2199 448 2281 singulis
471 2201 504 2264 in
526 2199 738 2281 preludicium
769 2198 920 2264 ciuitatis.
965 2197 1015 2263 Ad
1045 2196 1273 2262 remouendum
1295 2194 1355 2259 hos

89 2312 248 2392 escriptos
271 2310 415 2377 defectus
438 2330 496 2376 nos
518 2311 654 2393 predicti
677 2311 775 2390 ciues,
806 2311 861 2392 qui
884 2310 1064 2376 addictam
1095 2308 1261 2374 collectam
1283 2325 1354 2372 sus-

89 2422 234 2502 piendam
250 2424 310 2487 sub
329 2425 511 2506 juramento
528 2423 687 2505 corporali
705 2423 838 2505 prestito
854 2423 1017 2488 fueramus
1036 2421 1141 2501 electi,
1166 2421 1254 2485 iuxta
1269 2420 1353 2485 idem

88 2541 267 2600 ramentum
290 2555 348 2616 per
370 2554 428 2600 nos
450 2536 569 2601 sactum
591 2536 721 2601 domum
743 2536 855 2601 Jacobi
879 2534 1042 2601 Cubkonis
1069 2533 1150 2599 ciuis
1171 2532 1353 2615 Pragensia

89 2652 146 2712 tarn
170 2648 204 2712 in
227 2646 296 2712 foro
319 2653 352 2712 et
374 2648 555 2727 contiguam
577 2648 685 2713 domui
700 2648 877 2713 Burchardi
892 2644 1039 2729 deEgra
1062 2646 1102 2713 de
1123 2644 1249 2712 modica
1262 2650 1353 2727 parte

91 2765 136 2823 rte
158 2759 293 2824 collecte
316 2760 463 2843 resydua
487 2780 545 2826 nec
568 2761 694 2826 nonde
717 2761 904 2843 pignoribus
927 2767 960 2826 et
981 2760 1125 2826 emendis
1140 2780 1160 2825 a
1174 2765 1353 2841 transgres-

89 2873 179 2937 uibus
210 2874 441 2951 mandatorum,
473 2894 535 2956 que
566 2874 654 2940 ciues
684 2879 872 2953 statuerant
902 2875 1041 2956 receptis
1071 2873 1111 2939 ad
1141 2873 1295 2938 honorem
1321 2878 1354 2937 et

90 2985 220 3049 »nodum
252 2992 317 3049 tarn
347 2987 483 3050 diuitum
514 3006 609 3069 quam
638 3007 815 3071 pauperum
845 3007 902 3070 pro
936 2988 1030 3052 domo
1053 2987 1180 3052 consilii
1211 2987 1354 3070 ipsomm

90 3096 170 3162 oium
188 3102 314 3162 matura
329 3097 564 3164 deliberacione
582 3099 751 3195 prehabito
765 3101 932 3166 emendam
954 3099 1102 3164 duximus
1118 3105 1150 3164 et
1165 3098 1353 3164 soluendam

90 3209 114 3273 rb
134 3209 318 3275 huiusmodi
342 3211 517 3292 empcionis
541 3217 574 3276 et
595 3211 771 3277 solutionis
793 3212 903 3292 forma,
927 3217 962 3276 vt
980 3212 1080 3296 jurati
1103 3211 1255 3287 ciuitatis,
1282 3214 1353 3295 qui-

90 3340 177 3404 nque
200 3340 258 3403 pro
281 3327 425 3403 tempore
448 3321 575 3401 fuerint
606 3324 640 3388 in
670 3324 756 3388 (licta
785 3323 880 3388 domo
903 3341 1016 3388 causas
1039 3331 1072 3388 et
1093 3325 1229 3405 negocia
1251 3325 1352 3407 ipsius

91 3435 194 3499 uitatis
224 3434 343 3499 babere
374 3434 513 3499 debeant
534 3440 567 3499 et
587 3441 742 3516 perpetuo
772 3440 977 3517 pertractare,
1009 3440 1043 3501 et
1065 3437 1218 3517 magister
1239 3437 1352 3501 Petrus

90 3549 194 3612 rarius
225 3552 343 3623 noster,
368 3546 407 3610 de
432 3546 522 3610 cuius
549 3547 697 3624 sciencia,
728 3545 882 3613 fidelitate
905 3553 938 3612 et
959 3547 1095 3613 honesta
1123 3567 1248 3613 morum
1279 3567 1352 3613 con·

90 3661 239 3724 macione
269 3659 430 3723 laudabile
459 3659 678 3724 testimonium
701 3658 914 3740 perhibemua
946 3665 980 3726 et
1009 3661 1059 3725 sui
1092 3677 1294 3725 successores
1318 3661 1352 3724 in

90 3772 162 3836 ulem
186 3773 281 3835 domo
306 3771 503 3852 corporalem
527 3771 690 3836 habebunt
719 3773 940 3853 residenciam
964 3779 998 3839 et
1019 3792 1130 3839 omnes
1160 3772 1351 3850 usufructus,

91 3901 181 3948 nsum
197 3889 230 3948 et
246 3883 410 3959 utilitates,
434 3902 496 3964 que
519 3883 559 3947 de
581 3884 693 3949 eadem
716 3885 809 3949 domo
832 3887 1004 3967 prouenire
1025 3891 1176 3968 poterunt
1198 3887 1260 3950 ista
1282 3885 1351 3950 vioe

91 3995 104 4056 l
125 3999 157 4061 in
181 3995 333 4072 futurum,
365 3995 482 4061 debent
512 3996 677 4077 percipere
699 4003 733 4061 et
753 3998 883 4077 babere,
914 3999 1065 4081 ipsosque
1097 3997 1201 4063 officio
1228 3999 1353 4063 notarie

90 4110 188 4175 rudere
212 4108 369 4187 volumus,
403 4108 554 4190 quamdiu
585 4127 620 4173 se
652 4110 737 4174 circa
767 4111 855 4175 ciues
885 4109 1023 4176 fideliter
1046 4111 1207 4190 gesserint
1236 4114 1269 4176 et
1298 4111 1353 4176 de·

92 4229 166 4297 nter,
200 4221 352 4285 collectas
375 4228 408 4286 et
429 4221 554 4285 litteras
585 4222 703 4287 ciuium
733 4223 871 4288 fideliter
902 4223 1140 4303 conscribendo,
1173 4227 1298 4289 secreta
1320 4229 1355 4289 et

91 4334 172 4399 culta
196 4341 262 4399 tam
285 4335 449 4415 principia,
474 4353 569 4416 quarn
586 4334 714 4413 ciuium,
739 4336 909 4417 exquibus
930 4334 1049 4401 malurn
1071 4339 1182 4418 posset
1197 4336 1351 4416 accidere,

94 4447 126 4511 lli
152 4447 415 4511 communicando
439 4448 541 4511 eciam
558 4447 608 4511 vel
631 4446 796 4526 tradendo,
820 4453 853 4511 et
876 4448 1027 4530 quamdiu
1050 4466 1085 4512 se
1107 4448 1148 4513 ab
1173 4448 1244 4514 istis
1259 4467 1352 4514 enor-

92 4560 214 4624 tatibus
238 4561 302 4623 iam
326 4560 511 4640 prescriptis
535 4559 776 4638 custodineriut‚
800 4566 833 4623 et
852 4578 915 4625 non
939 4560 1078 4625 conuicti
1101 4561 1244 4642 ipsorum
1264 4561 1351 4644 jura·

1180 4696 1196 4742 a
