3090 5370
192 358 234 416 ‘22
806 358 879 406 1316.

194 563 322 621 oiraerru‘rc
353 585 371 622 o
403 560 553 623 zrcndleru
584 562 748 642 poeticoctc'
776 561 915 626 lr'dclcelto
945 561 1056 634 iicotn,
1086 561 1206 645 uyaady
1228 584 1249 623 α
1271 558 1418 644 aoobody,
1442 561 1491 643 jai

536 695 589 735 mu
605 673 749 756 proderit
769 673 900 737 krdloce'
919 651 1002 737 Caci
1023 672 1147 737 coeliti.

297 846 460 911 lohannes
483 845 535 911 dei
558 848 668 929 gracia
688 846 819 913 Boemie
849 854 882 913 et
903 848 1035 913 Polouie
1057 867 1113 913 rex
1144 866 1181 913 ac
1203 846 1489 928 Lucemburgeusis

192 978 310 1024 comes.
335 959 491 1024 Omnibus
514 959 548 1024 in
570 967 769 1042 perpetuum.
792 960 863 1024 Etsi
880 968 1066 1025 cunctarum
1089 961 1255 1025 ciuitatum
1276 959 1369 1040 regni
1392 958 1500 1024 nostri·

193 1072 375 1155 ciuiumque
398 1091 434 1137 ac
458 1072 706 1138 inhabitatorum
736 1092 847 1138 eorum
878 1073 1051 1138 commodis
1081 1072 1289 1155 procurandis
1313 1073 1407 1136 anxie
1431 1070 1493 1135 cel-

194 1186 300 1250 situdo
318 1190 427 1249 nostra
443 1184 600 1266 inuigilat,
624 1185 817 1266 Pragensem
832 1191 939 1250 tamen
955 1186 1119 1251 ciuitatem
1142 1193 1292 1264 nostram,
1317 1205 1380 1268 que
1401 1186 1493 1250 sedes

193 1306 226 1362 et
249 1297 351 1378 capud
374 1299 464 1378 regni
487 1298 587 1362 nostri
610 1299 740 1380 Boemie
764 1299 874 1364 existit
895 1306 928 1365 et
950 1298 1038 1365 velut
1058 1298 1129 1364 lona
1153 1299 1294 1380 irriguus
1317 1297 1494 1378 legalitatis

195 1411 313 1474 fluenta
335 1410 481 1490 prelarge
505 1409 630 1501 deriuat
653 1411 685 1475 in
709 1409 800 1489 alias,
831 1431 895 1493 qua
926 1412 995 1477 sine
1026 1412 1128 1477 eciam
1160 1415 1264 1476 cetere
1295 1411 1389 1491 regni
1416 1411 1494 1474 ciui-

193 1531 275 1587 tates
299 1529 408 1587 essent
430 1523 522 1606 quasi
546 1523 708 1605 acephala,
742 1525 896 1607 cuiusque
919 1525 1034 1607 legalis
1065 1531 1154 1589 cetus
1189 1523 1308 1588 ciuimn
1331 1528 1496 1605 tamquam

194 1637 306 1717 regula
328 1656 461 1716 morum,
485 1625 648 1718 exemplar
671 1642 704 1702 et
725 1636 890 1718 speculum
912 1636 1104 1702 moralitatis
1126 1635 1263 1700 humane
1286 1635 1351 1699 vite
1369 1634 1495 1700 ciuibus

194 1749 329 1813 aliarum
353 1748 520 1813 ciuitatum
550 1749 668 1828 existit,
699 1727 941 1815 exuberanciori
971 1749 1107 1832 quadam
1139 1749 1344 1831 prerogatiua
1373 1745 1496 1811 fauoris

196 1868 229 1925 et
251 1861 357 1942 gracie
380 1861 550 1926 dotandam
581 1860 727 1943 largiflue
757 1861 887 1944 dignum
910 1869 943 1926 et
965 1881 1082 1944 equum
1113 1862 1234 1926 iudicat
1255 1866 1364 1924 nostre
1387 1859 1496 1940 proui-

197 1973 310 2036 ‹lencia
343 1973 531 2039 maiestatis
575 1974 719 2040 Eatenus
749 1975 791 2040 ad
819 1975 1041 2041 uniuersorum
1072 1980 1137 2039 tam
1166 1972 1369 2056 presencium
1400 1990 1496 2054 quam

196 2085 375 2149 futurorum
404 2086 555 2151 noticiam
584 2092 695 2152 tenore
728 2087 887 2168 presentis
923 2086 1105 2167 cirographi
1134 2085 1279 2167 cupimus
1313 2085 1495 2166 peruenire,

197 2197 282 2278 quod
305 2216 363 2261 nos
387 2197 506 2262 ciuium
521 2197 654 2263 Maioris
671 2198 812 2263 ciuitatis
835 2204 945 2264 nostre
960 2197 1140 2280 hagensis,
1165 2198 1198 2262 iu
1213 2197 1304 2262 euius
1320 2185 1496 2261 commodis

193 2316 228 2373 et
239 2309 433 2390 profectibus
456 2310 539 2374 sicut
561 2311 595 2375 iu
618 2310 783 2375 oculorum
809 2316 991 2376 nostrorum
1014 2310 1166 2374 viridario
1189 2315 1299 2374 nostra
1321 2309 1496 2391 plurimum

198 2422 374 2487 delectatur
394 2423 560 2502 serenitas,
579 2423 871 2505 supplicacionibus
885 2441 943 2504 per
958 2441 1014 2488 eos
1031 2430 1139 2488 nostro
1160 2421 1292 2488 culmini
1307 2421 1498 2503 suppliciter

196 2533 347 2599 exhibitis
367 2540 400 2600 et
420 2535 577 2615 porrectis
602 2533 783 2616 benigniter
805 2534 959 2613 inclinati,
983 2553 1095 2600 omnes
1117 2523 1344 2612 immunitates,
1369 2533 1496 2615 graciam

195 2652 228 2710 et
248 2645 413 2711 libertates
436 2645 560 2712 ciuibus
585 2645 636 2710 uel
660 2645 783 2711 ciuitati
806 2645 957 2727 predictis
981 2665 1039 2727 per
1062 2645 1137 2711 diue
1152 2647 1305 2712 memorie
1328 2646 1498 2727 predeces-

196 2776 285 2822 sores
315 2765 441 2822 nostros
463 2757 564 2840 [reges
594 2757 725 2823 Boemie
756 2775 924 2821 concessas
938 2817 940 2820 ,
955 2757 1007 2822 vel
1039 2757 1189 2836 indultas,
1224 2757 1263 2822 de
1296 2758 1497 2840 benignitate

195 2869 285 2949 regia
307 2876 392 2934 ratas
415 2870 569 2935 habentes
591 2875 625 2936 et
646 2876 753 2953 grates
776 2868 979 2949 ratificamus,
1003 2870 1225 2951 approbamus,
1249 2870 1443 2935 iuuouamus
1466 2877 1499 2935 et

198 2981 421 3063 persingulas
451 2981 610 3047 clausulas
639 2982 781 3063 presenti
811 2987 1013 3062 programate
1037 2981 1188 3047 decerta
1217 2988 1326 3047 nostra
1356 2983 1497 3048 sciencia

197 3093 429 3171 confirmamus,
455 3084 679 3175 promittentes
695 3092 819 3156 ciuibus
835 3092 915 3174 ipsis
931 3092 1052 3158 nullam
1068 3093 1218 3158 iniuriam
1239 3094 1290 3159 vel
1305 3094 1498 3161 uiolenciam

196 3213 306 3271 contra
329 3223 386 3271 seu
408 3210 516 3287 preter
537 3203 671 3269 formam
694 3203 773 3268 iuris
796 3207 830 3268 et
852 3203 995 3269 debitum
1018 3205 1145 3270 iusticie
1169 3205 1321 3287 irrogare.
1344 3205 1385 3271 In
1407 3208 1499 3273 cuius

195 3317 243 3382 rei
273 3317 491 3381 testimonium
520 3321 687 3398 presentes
717 3314 828 3380 literas
858 3314 928 3380 fieri
962 3321 996 3381 et
1028 3316 1145 3397 sigillis
1180 3317 1358 3383 maiestatis
1390 3326 1498 3384 nostre

195 3429 347 3494 iussimus
378 3428 576 3494 communiri.
620 3428 738 3493 Datum
762 3428 862 3509 Prage
893 3428 958 3493 111⁰
989 3427 1062 3493 idus
1084 3428 1229 3494 lanuarii
1259 3448 1343 3495 anno
1377 3432 1496 3497 domini

192 3541 362 3608 millesimo
385 3541 608 3607 trecentesimo
642 3540 866 3618 sextodecimo,
897 3559 1068 3622 regnorum
1091 3560 1167 3607 vero
1198 3548 1383 3608 nostrorum
1414 3563 1494 3611 anno

198 3654 319 3736 quinto.

296 3792 378 3846 Liber
396 3790 597 3845 vetustissimus
617 3788 820 3859 privilegiorum
838 3791 860 3842 b.
879 3795 930 3842 993
951 3798 998 3842 str.
1020 3796 1050 3842 19
1070 3805 1085 3840 r
1106 3788 1215 3842 archien
1234 3806 1268 3843 m.
1288 3789 1388 3859 Praby.

755 4016 859 4097 *cire
888 4033 939 4098 10.

583 4207 687 4275 1316.
723 4205 778 4274 28.
801 4203 940 4272 (lubun.
974 4205 1109 4273 Praba.

200 4373 285 4437 lirul
305 4372 371 4438 Jaa
395 4380 547 4461 nprncnje
564 4377 681 4462 prodej
703 4378 789 4441 drea
810 4400 829 4440 u
852 4377 1014 4452 Podalcoli,
1039 4378 1153 4462 ddcajc
1174 4382 1343 4443 mactetui-m
1367 4379 1498 4444 Stareho

195 4490 294 4549 macta
317 4485 492 4551 Praieke'bo
513 4489 644 4572 uusado,
667 4495 697 4552 ie
714 4489 836 4572 plavcc,
853 4491 931 4573 joaz*
946 4491 1069 4573 piijede
1091 4512 1304 4574 sprerueocm
1327 4491 1415 4554 da'ta
1436 4504 1499 4556 ato-
