3068 5160
662 344 737 392 rrae.
1284 345 1349 409 223

44 570 83 613 ac
99 557 211 613 tenore
227 548 428 629 presencium
444 548 666 628 approbamus,
690 547 892 628 ratificamus,
914 552 1104 614 innouamus
1124 557 1157 616 et
1176 552 1350 618 elementer

43 663 220 739 firmamus,
251 661 458 725 decernentes
488 679 638 742 expresse
661 680 700 725 ea
722 661 771 727 vel
795 681 850 728 eas
874 662 1018 727 obtinere
1044 670 1198 745 perpetuo
1222 665 1347 730 roboris

42 775 238 850 firmitatem,
264 775 411 855 quodque
430 774 491 854 ipsi
511 774 631 838 eisdem
647 776 693 838 vti
708 779 742 838 et
763 775 903 855 gaudere
923 775 1060 840 debeant
1074 775 1175 841 libere
1192 783 1224 842 et
1241 780 1347 861 quiete

43 906 117 950 cunr
136 887 361 967 impedimento
379 893 532 950 cessante.
556 886 622 950 Nos
636 904 762 967 quoque
773 886 920 950 volumus
932 888 1019 969 ipsos
1032 888 1120 953 ciues
1136 889 1221 954 circa
1236 892 1347 956 eadem

42 1005 253 1064 manutenere
266 1000 434 1080 benignius
447 1008 480 1064 et
491 1000 584 1077 tueri,
601 999 787 1081 supplentes
799 999 1024 1064 nichilominus
1037 1019 1163 1065 omnem
1178 1001 1346 1081 defectum,

41 1115 71 1177 si
88 1114 145 1196 qui
161 1113 194 1175 in
210 1113 375 1192 premissis
387 1117 442 1176 aut
452 1113 681 1193 premissorum
697 1111 804 1193 aliquo
821 1111 1014 1178 obscuritate
1026 1114 1195 1178 verborum
1207 1119 1262 1179 aut
1274 1134 1345 1179 sen-

39 1226 222 1290 tentiarum
235 1227 305 1290 siue
317 1225 574 1306 solempnitatum
589 1224 721 1289 obmissi
734 1225 887 1306 comperti
902 1224 1021 1289 fuerint
1036 1227 1268 1310 quoquomodo,
1282 1248 1345 1293 non

40 1340 193 1402 obstante
205 1340 238 1402 in
250 1339 416 1418 premissis
433 1339 675 1420 quibuscunque
692 1337 764 1401 aliis
780 1339 898 1402 nostris
914 1337 1040 1415 litteris,
1054 1337 1137 1402 datis
1153 1337 1205 1403 uel
1221 1339 1344 1420 dandis,

40 1470 105 1533 que
131 1450 263 1514 forsitan
289 1451 322 1514 in
345 1451 560 1531 predictorum
585 1450 703 1513 ciuium
727 1455 759 1514 et
782 1450 922 1514 ciuitatis
944 1449 1114 1530 Prageusis
1134 1451 1345 1530 preiudicium

38 1581 102 1626 seu
126 1581 299 1643 grauanren
323 1562 445 1644 aliquot
460 1563 549 1643 vergi
574 1568 705 1643 possent
720 1580 777 1626 seu
797 1562 886 1643 vergi
903 1561 1088 1628 viderentur
1109 1564 1343 1644 quoquomodo,

38 1675 160 1756 quibus
177 1675 375 1739 obstantibus
392 1674 443 1738 uel
460 1675 586 1739 obstare
603 1674 782 1740 volentibus
798 1676 831 1739 in
847 1674 907 1738 hoc
923 1693 998 1738 casu
1013 1675 1178 1739 dumtaxat
1200 1694 1238 1739 en
1258 1683 1344 1740 certa

39 1792 153 1851 nostra
177 1788 314 1852 sciencia
336 1794 368 1851 et
391 1788 429 1851 dc
452 1787 650 1868 plenitudine
674 1788 762 1867 regie
784 1786 952 1869 potestatis
975 1803 1125 1868 expresse
1149 1793 1182 1851 et
1199 1787 1344 1853 totaliter

37 1901 233 1980 derogamus
249 1909 283 1964 et
297 1902 483 1982 derogatum
495 1918 566 1963 esse
578 1899 734 1978 volumus,
753 1901 901 1982 ipsasque
915 1904 1025 1963 contra
1039 1899 1163 1964 litteras
1175 1904 1208 1964 et
1218 1902 1343 1982 gracias

39 2013 236 2094 prefatorum
261 2014 377 2077 ciuium
402 2013 523 2077 viribus
547 2032 655 2078 carere
678 2013 806 2077 omnino
822 1993 1022 2077 decernimus
1037 2031 1095 2094 per
1109 2019 1285 2094 presentes.
1309 2014 1342 2078 Si

37 2127 113 2207 quis
138 2144 224 2202 vero,
252 2127 468 2207 cuiuscunque
498 2125 743 2206 preeminencie,
775 2130 876 2188 status
899 2130 954 2189 aut
977 2125 1172 2189 condicionis
1201 2126 1342 2191 existens

36 2241 143 2303 dictas
158 2238 292 2313 litteras,
306 2240 388 2319 jura,
405 2239 529 2319 gracias
545 2243 600 2302 aut
614 2237 786 2319 priuilegia
797 2238 958 2319 sepedicto
970 2237 1094 2302 ciuitati
1106 2256 1162 2319 per
1173 2238 1340 2319 predeces-

36 2370 131 2416 sores
155 2356 282 2414 nostros
298 2358 353 2414 aut
375 2370 469 2432 quem
484 2370 523 2415 ex
539 2351 587 2414 eis
603 2355 659 2414 aut
672 2369 730 2432 per
744 2368 802 2415 nos
826 2350 901 2415 data
923 2349 975 2415 uel
998 2350 1108 2428 datas„
1122 2368 1273 2414 concessa
1287 2350 1338 2415 uel

36 2482 210 2528 erncessas
223 2464 442 2545 quouismodo,
456 2463 559 2542 modo,
569 2463 622 2526 via
633 2468 689 2527 aut
699 2461 939 2539 formaviolare,
952 2463 1132 2544 transgredi
1143 2468 1200 2527 aut
1209 2463 1339 2530 turbare

38 2576 280 2657 presumpserit,
306 2575 387 2638 vltra
409 2593 507 2656 penas
531 2575 562 2640 in
585 2574 765 2657 priuilegiis
781 2575 923 2656 ipsorum
939 2582 1139 2657 expressatas
1161 2576 1338 2659 indignaci-

35 2709 134 2753 onem
150 2689 374 2764 grauissimam
390 2694 422 2751 et
436 2688 526 2768 regni
544 2689 644 2753 nostri
660 2688 822 2767 Bohcruie,
840 2707 962 2752 necnon
977 2707 1092 2769 penam
1108 2689 1339 2772 quinquaginta

37 2820 219 2865 marcarum
243 2803 312 2864 auri
335 2802 406 2882 puri
429 2801 641 2882 ponderisque
664 2800 787 2881 legalis
812 2800 902 2864 cuius
921 2800 1079 2882 siquidem
1102 2801 1256 2866 medietas
1280 2821 1337 2884 pro

37 2933 167 2978 camera
192 2920 300 2977 nostra
324 2913 423 2993 regali
446 2919 479 2977 et
502 2913 565 2977 alia
588 2931 645 2993 pro
669 2913 739 2993 ipsa
768 2913 898 2976 ciuitate
928 2912 1049 2978 offensa
1072 2913 1338 2979 irremissibiliter

37 3026 267 3090 soluendorunr
284 3045 317 3088 se
334 3026 460 3088 nouerit
483 3026 550 3106 ipso
567 3024 650 3088 facto
675 3024 886 3103 incursurum,
912 3043 1006 3105 quarn
1022 3025 1123 3088 eciam
1138 3043 1196 3105 per
1211 3033 1337 3090 nostros

36 3138 194 3203 officiales
226 3139 418 3219 precipimus
449 3137 532 3213 exigi
564 3155 600 3199 ac
623 3135 699 3199 fisco
724 3141 833 3199 nostro
857 3156 894 3200 ao
919 3137 1002 3201 dicte
1033 3136 1173 3200 ciuitatis
1201 3135 1338 3203 fideliter

38 3252 204 3333 inportari,
237 3260 272 3314 ut
302 3269 381 3333 qnos
404 3250 456 3313 dei
486 3256 518 3313 ot
547 3249 634 3330 regie
657 3249 822 3327 dignitatis
845 3268 934 3313 amor
957 3268 976 3312 a
998 3247 1081 3312 malo
1105 3268 1169 3312 non
1197 3257 1335 3330 reuocat,

35 3362 223 3444 temporalis
257 3382 337 3443 pene
372 3363 527 3426 seueritas
558 3360 725 3425 coherceat
754 3367 787 3424 et
817 3381 836 3424 a
865 3360 1074 3442 malignitatis
1097 3380 1177 3425 ausu
1200 3368 1291 3427 aucrt
1311 3371 1334 3426 t.

37 3474 168 3558 Siquam
198 3474 388 3536 seroru‘ssiuar'
410 3474 570 3556 principis
596 3481 624 3533 ct
650 3471 779 3546 domiai,
811 3472 932 3535 clonrc'uc'
961 3470 1157 3556 Siqr'snraadc'
1179 3472 1334 3535 Romano·

38 3611 105 3650 rum
130 3588 329 3669 &operatoris
353 3586 552 3648 r'nur'ctr'ssrhu'
572 3608 608 3646 uo
630 3583 804 3669 Hrcoqoric,
827 3585 974 3648 Bohcmic
996 3594 1048 3647 etc.
1071 3586 1153 3668 repis
1172 3584 1331 3669 plorabam·

35 3701 116 3761 simi.
164 3699 368 3763 Presenciurn
399 3698 458 3762 sub
489 3705 598 3763 nostra
625 3717 722 3762 aurea
744 3697 841 3778 bulla,
871 3700 995 3780 typario
1025 3704 1134 3762 nostre
1157 3698 1333 3762 maiestatis

38 3813 203 3894 impressa,
228 3810 409 3874 testimonio
434 3811 620 3876 litterarum.
655 3811 773 3875 Datum
796 3811 897 3890 Prage
921 3830 1002 3875 anno
1026 3810 1145 3874 domini
1161 3805 1333 3873 M⁰CCCC⁰

35 3925 199 3989 tricesimo
232 3930 329 4000 sexto,
362 3924 413 3987 die
445 3925 604 3988 dominica
626 3929 699 4005 post
728 3923 844 3987 festum
879 3925 978 3988 sancti
1008 3923 1235 4001 bartholomei,
1272 3942 1332 4004 que

35 4034 93 4099 init
116 4036 187 4099 dies
212 4034 315 4098 XXl'l
339 4038 458 4100 mensis
481 4037 627 4116 Augusti,
658 4054 828 4115 regnorum
860 4041 1040 4101 nostrorum
1063 4055 1145 4100 anno
1168 4035 1331 4117 Hungarie

33 4156 93 4213 etc.
130 4147 407 4230 quinquagesimo,
442 4149 656 4213 Rornanorum
690 4146 852 4227 XXXVII,
887 4148 1038 4212 Bohernie
1072 4145 1172 4226 xvh,
1205 4147 1331 4230 imperii

33 4279 109 4323 vero
134 4257 226 4325 llll⁰.

137 4373 188 4436 hd
211 4374 394 4437 mandatum
419 4375 448 4438 d.
473 4373 673 4454 imperatoris

913 4485 951 4550 G.
975 4485 1043 4568 Slig
1066 4485 1286 4551 cancellarius,
