3090 5370
122 446 145 509 a
736 441 809 486 maa

112 646 186 709 -aim
210 644 308 710 ailrdo
330 644 536 728 kovdpromoei
552 664 582 705 oe
601 642 742 705 arcirtllal
765 665 784 705 α
802 643 870 726 ja'cb
887 639 1040 726 prinpaky
1055 640 1201 724 aepleuil,
1225 639 1326 724 ay'bai
1343 641 1426 723 pr'ed

116 756 244 821 'krdlem
274 756 330 822 neb
358 756 568 823 manticem
597 778 628 820 ae
650 755 761 818 animi
789 753 893 817 soicdil
923 776 945 816 a
974 752 1036 837 oby
1064 751 1216 816 auobodni
1243 751 1310 837 bpli
1338 755 1425 816 vicoli

112 869 247 935 ‚bremen
274 868 438 956 zeaaaky'm,
463 870 599 953 zejmeaa
629 867 733 951 decep
764 867 863 947 ,,ηιι’ν(ί
890 867 1002 940 avane,
1032 868 1088 949 joi
1120 867 1237 928 oswini
1266 864 1430 948 obycaiele‘

676 979 857 1064 poclm'kaji.

226 1202 263 1266 ln
285 1199 413 1265 nornine
444 1199 563 1263 ‹loruini
587 1198 638 1261 dci
651 1195 675 1269 ¹)
699 1216 802 1263 arnen.
849 1196 1090 1261 Wenczesslans
1121 1196 1173 1261 dei
1204 1195 1313 1275 gracia
1338 1195 1421 1260 Boe-

121 1330 245 1379 morum
268 1330 323 1376 rex
347 1311 423 1376 ΙΨ.
470 1311 628 1375 Omnibus
638 1306 664 1383 ²)
696 1309 844 1374 fidelibus
876 1309 967 1391 regni
997 1309 1058 1403 sui,
1089 1309 1204 1391 quibus
1235 1309 1294 1372 hec
1324 1308 1422 1373 litere

121 1432 248 1490 ostense
280 1424 406 1501 luerint,
438 1420 611 1503 graciam⁸i
643 1428 676 1487 et
705 1440 798 1486 omne
828 1421 956 1487 bonum.
1000 1420 1158 1486 Nouerint
1180 1421 1322 1486 vniuersi
1356 1429 1423 1486 tam

120 1541 287 1620 presentes
314 1554 408 1619 quam
435 1536 543 1614 futuri,
575 1535 659 1617 quod
681 1532 887 1607 Tlroturrici⁴i
910 1534 1098 1615 Progenses
1129 1533 1217 1598 ciues
1239 1535 1354 1612 nostri,
1384 1537 1426 1599 od

119 1651 319 1732 presenciam
354 1654 495 1713 nostram
526 1649 713 1712 accedentes
748 1646 1010 1728 predecessorum
1044 1652 1236 1723 nostrorum,
1273 1646 1426 1712 videlicet

120 1760 312 1846 Sobpzlayi)
337 1760 471 1825 illustris
495 1761 585 1825 ducis
608 1759 739 1823 Boemie
762 1765 795 1823 et
816 1759 917 1841 petris
940 1759 1042 1824 nostri
1064 1758 1233 1823 recolende
1258 1760 1424 1827 memorie.

119 1874 263 1938 ciusdem
276 1874 300 1954 ⁵)
340 1873 430 1951 regni
472 1872 573 1936 incliti
618 1872 702 1952 regis
740 1871 879 1936 Primizil
894 1869 917 1952 ἴ)
956 1871 1127 1953 priuilegia
1165 1871 1425 1938 demonstrantes

109 2005 140 2050 ⁴a
162 1986 255 2050 nobis
279 1984 443 2049 humiliter
469 1982 682 2065 postularunt,
705 1991 739 2048 vt
760 2002 809 2063 ea,
837 2001 899 2067 que
922 1983 956 2050 in
979 1983 1159 2066 priuilegiis
1186 1984 1265 2065 ipsis
1296 1983 1424 2049 inerant

120 2098 244 2163 indulta
261 2104 294 2161 et
309 2115 469 2174 concessa,
494 2096 553 2160 sub
577 2096 732 2177 regimine
755 2096 857 2161 nostri
872 2096 1026 2178 temporis
1043 2096 1249 2177 dignaremur
1265 2115 1425 2162 renouare

120 2217 153 2274 et
186 2209 335 2274 similiter
370 2210 566 2274 confirmare.
612 2208 678 2273 Nos
709 2227 784 2273 vero
815 2214 934 2274 statuta
967 2214 1205 2273 antecessorum
1239 2214 1425 2274 nostrorum

122 2324 325 2391 dinoscentes
341 2322 449 2402 expia
465 2321 700 2387 deliberacione
716 2328 749 2387 et
763 2321 872 2401 gracia
887 2322 1093 2403 processisse,
1117 2319 1212 2384 litera
1226 2320 1268 2384 ad
1284 2320 1425 2387 literam.

120 2437 216 2501 verbo
247 2436 286 2500 ad
318 2435 449 2498 verbum
481 2432 651 2515 fecimus⁸)
682 2434 843 2512 renouari,
878 2434 1026 2514 precibus
1059 2452 1171 2498 eorum
1204 2433 1385 2498 humilibus
1398 2435 1425 2501 ⁹)

120 2548 279 2613 exauditis
302 2546 401 2612 nichil
425 2546 465 2610 de
490 2542 606 2625 hiis¹⁰l
630 2547 846 2625 immutantes,
870 2565 929 2611 uec
951 2546 1126 2625 dementes,
1149 2564 1212 2628 que
1227 2564 1246 2609 a
1261 2543 1424 2626 primani

114 2661 263 2741 ipsorum
275 2655 316 2740 ιἲ)
340 2658 510 2724 vocacione
527 2658 559 2721 in
575 2658 739 2723 Boemiam
753 2655 793 2729 ι’)
811 2658 955 2724 obtinere
971 2678 1029 2741 per
1043 2658 1203 2740 principes
1225 2667 1424 2723 meruerunt.

120 2772 281 2853 Incipiunt
303 2777 409 2835 autem
433 2770 495 2835 sic:
520 2771 589 2851 Ego
613 2769 787 2853 Sobyzlaus
810 2771 873 2834 dux
897 2776 956 2837 etc.
996 2769 1183 2852 (Ntsleduje
1208 2772 1300 2834 zndnl
1325 2771 1425 2852 privi-

121 2883 206 2962 legia
227 2882 370 2946 Nemcilv
392 2883 571 2965 Praisky'eb
593 2884 671 2948 zlet
688 2883 926 2956 1174-1178.)
958 2883 1007 2947 dd
1030 2883 1088 2947 bec
1111 2902 1169 2947 nos
1193 2881 1424 2947 Wenczeslaus

121 2995 284 3076 predictus
297 2992 338 3069 ¹⁴)
364 3014 417 3058 rex
441 2996 633 3061 Boemomm
656 2996 859 3062 concedimus
881 3001 915 3060 et
937 2994 1202 3075 irrefragabiliter
1218 2994 1424 3060 decernimus

122 3107 367 3186 obseruandum,
393 3115 427 3172 ut
449 3110 583 3173 candem
596 3102 637 3181 ¹⁵)
661 3109 841 3173 libertatem
871 3107 990 3173 nostris
1019 3107 1218 3188 temporibus
1246 3107 1423 3173 obtineant.

119 3238 197 3303 spirans
230 3220 384 3285 hacteuus
416 3221 596 3285 babuerunt
612 3217 660 3303 Ψ).
707 3221 930 3285 Possessiones
965 3224 1089 3301 emptas
1120 3218 1172 3282 uel
1185 3215 1226 3289 ¹⁷]
1259 3219 1424 3300 expositas

119 3351 176 3395 seu
201 3333 301 3397 eciam
314 3329 355 3413 ¹⁸)
380 3353 399 3397 a
421 3332 619 3415 principibus
649 3334 697 3398 eis
728 3332 871 3407 collatas,
903 3350 982 3414 quas
1012 3331 1115 3396 tribus
1146 3332 1237 3396 annis
1262 3336 1295 3395 et
1317 3333 1423 3396 tribus

118 3445 232 3515 diebus
256 3442 423 3527 alisque¹⁹l
447 3445 648 3526 ‹prerirnonia
670 3451 850 3522 tenuerunt,
875 3461 929 3509 eas
953 3443 1053 3508 libere
1077 3444 1163 3509 omni
1176 3440 1220 3515 ²⁰)
1244 3445 1424 3509 contradic·

118 3559 209 3623 cioue
225 3559 405 3638 postposita
415 3557 601 3639 possideant
618 3576 689 3621 cum
706 3557 823 3639 quiete.
846 3557 966 3621 llomos
982 3573 1093 3620 eorum
1105 3560 1137 3619 et
1149 3555 1421 3620 substancium²¹i

112 3667 229 3751 scum)
261 3671 293 3734 in
324 3669 476 3734 suburbio
507 3671 577 3735 siue
607 3670 640 3734 in
663 3669 759 3749 villis,
791 3670 818 3734 si
849 3669 990 3752 aliquam
1020 3667 1145 3749 culpam
1180 3667 1355 3733 inciderint
1368 3665 1421 3738 ²³).

114 3783 226 3848 nullus
250 3800 329 3846 ausu
353 3782 523 3847 temerario
547 3782 698 3847 inuadere
722 3781 774 3846 uel
797 3781 936 3862 diripere
960 3780 1077 3845 audeat
1099 3799 1157 3844 nec
1180 3787 1350 3862 attemptet
1365 3802 1421 3847 nor

117 3897 149 3960 in
173 3896 260 3976 ipsos
285 3913 396 3959 mamus
420 3895 576 3960 violentas
608 3889 829 3978 quisquam²⁴l
854 3894 973 3970 iniciat,
1007 3893 1062 3956 sed
1094 3892 1337 3957 fideiussoribus
1369 3913 1421 3958 er-

118 4007 246 4086 quisitis
276 4027 382 4072 coram
413 4007 504 4072 nobis
539 4007 590 4072 uel
622 4013 731 4072 nostro
765 4006 939 4071 camerario
963 3998 1208 4085 conpareant²⁵)
1244 4004 1418 4072 iudicandi.

119 4115 297 4197 Tributum‚
322 4122 407 4203 quod
432 4120 492 4184 mir
511 4124 649 4195 vocatur,
673 4121 706 4182 et
729 4117 810 4182 alias
833 4116 1030 4194 exacciones
1055 4135 1116 4197 que
1139 4121 1224 4180 terre
1239 4111 1282 4198 ²⁶)
1307 4117 1420 4183 incolis

119 4224 281 4310 inferri²¹l
305 4236 549 4308 consueuerant,
573 4236 606 4295 et
628 4228 897 4310 pernoctaciones⁷
929 4228 1013 4292 sicut
1035 4228 1082 4291 eis
1106 4247 1125 4292 a
1148 4227 1323 4309 primordio
1348 4238 1420 4295 sunt

120 4354 280 4416 concesse,
311 4344 356 4408 sic
387 4345 434 4409 eis
458 4346 491 4410 in
515 4348 704 4424 perpetuum
734 4339 945 4422 indulgemus.
991 4337 1052 4415 Qui
1076 4358 1151 4403 vero
1183 4341 1419 4407 concessionem

116 4453 260 4516 nostram
282 4469 378 4518 ausus
400 4456 497 4522 fuerit
510 4455 643 4520 forsitan
659 4453 779 4517 violare
797 4452 939 4533 prelatos
953 4451 1167 4516 Tbeutonicos
1191 4452 1277 4518 ultra
1299 4452 1417 4518 iura²⁸l

118 4566 237 4628 statuta
258 4569 485 4633 contumaciter
506 4567 720 4648 aggrauamlo,
743 4572 904 4647 tamquam
928 4583 1017 4629 reum
1040 4564 1107 4628 lese
1130 4564 1308 4630 maiestatis
1326 4567 1415 4643 regio
