3068 5160
194 341 256 404 128
806 343 881 391 raas.

192 569 321 614 uxorem
344 548 470 613 fidelem
494 568 565 614 cum
588 548 700 613 liberis
732 549 910 629 neglexerit
932 549 975 629 id,
1007 568 1111 632 neque
1134 554 1360 615 testamentum
1383 549 1495 614 condi-

192 663 284 742 derit,
305 668 381 726 tuuc
404 666 506 726 mater
521 679 632 725 eorum
647 660 822 726 liberorum
838 662 931 734 bonis
946 680 1018 725 cum
1034 661 1145 726 liberis
1160 662 1302 742 potiatur
1316 682 1496 744 eorumque

192 794 300 839 euram
322 780 397 855 agat
419 774 509 839 uelut
530 779 642 840 mater.
683 773 717 838 si
741 793 818 839 uero
843 779 936 855 pater
958 779 992 839 et
1014 781 1116 839 mater
1138 795 1156 839 e
1180 776 1265 840 uiuis
1279 768 1496 841 'excesserint

192 887 364 968 superstite
388 887 508 966 sobole,
532 893 608 952 tuuc
631 887 694 952 ista
716 888 800 952 bona
821 905 893 952 erun
915 886 1026 951 liberis
1050 889 1083 951 in
1105 889 1266 968 proximos
1286 890 1406 953 amicos
1423 889 1495 953 siue

192 999 303 1065 affines
332 1001 366 1064 in
397 1001 459 1064 ista
487 999 673 1065 fundatione
703 1005 736 1065 et
765 1018 803 1064 ea
835 998 975 1065 dioecesi
1006 1000 1187 1065 habitantes
1220 1019 1278 1081 pro
1302 1000 1494 1065 educatione

192 1113 366 1178 liberorum
389 1112 586 1177 deriuentur.
631 1111 695 1176 Sed
725 1113 753 1176 si
776 1111 870 1177 libori
893 1119 1103 1191 morerentur,
1135 1119 1211 1179 tuno
1234 1115 1296 1179 ista
1318 1114 1404 1179 bona
1426 1133 1493 1178 ma-

191 1227 313 1291 nebunt
333 1244 432 1307 penes
455 1230 624 1306 cognatum
640 1225 871 1290 inhabitantem
893 1230 1001 1290 tamen
1024 1227 1058 1290 in
1080 1245 1120 1291 ea
1142 1227 1282 1292 dioecesi
1299 1226 1493 1293 habitantes.

191 1339 225 1404 Si
248 1357 325 1404 uero
348 1356 458 1403 omnes
480 1338 574 1403 amici
601 1338 782 1402 interierint
812 1357 916 1420 neque
939 1338 1023 1403 vllus
1047 1344 1232 1420 superesset
1252 1358 1291 1404 ex
1314 1359 1353 1404 ea
1376 1359 1493 1421 cogna-

191 1453 278 1517 tione
308 1455 363 1515 aut
393 1449 546 1516 affinitate
577 1451 714 1530 iunctus,
746 1452 809 1516 ista
839 1429 946 1516 omnia
975 1451 1060 1516 bona
1090 1452 1207 1516 debent
1229 1452 1424 1519 descendere
1452 1453 1493 1518 ad

190 1569 333 1628 nostram
354 1567 483 1629 tenuem
512 1563 730 1628 fundationem
753 1563 874 1647 absque
898 1564 984 1628 omui
1007 1564 1243 1644 impedimento,
1276 1565 1372 1630 simul
1395 1567 1494 1631 etiam

190 1677 309 1742 liberos
333 1693 410 1741 suos
432 1694 527 1742 curae
550 1681 583 1741 et
604 1675 679 1740 fidei
696 1676 918 1741 commendent
939 1695 997 1757 pro
1020 1676 1153 1741 arbitrio
1176 1678 1210 1742 iu
1233 1696 1271 1742 ea
1293 1677 1493 1743 fundatione.

191 1788 346 1854 Similiter
368 1789 452 1853 iuter
474 1806 509 1853 se
531 1789 689 1871 recipiant
710 1788 834 1854 vicinos
859 1794 891 1854 et
914 1795 1016 1854 semet
1039 1789 1126 1870 ipsos
1143 1808 1239 1854 manu
1257 1790 1386 1855 mittant
1402 1790 1491 1855 nullo

190 1900 407 1966 intercedente
431 1900 605 1966 obstaculo.
628 1900 799 1966 Praeterea
820 1901 925 1966 eidem
949 1902 1089 1967 dioecesi
1105 1901 1199 1966 istius
1219 1900 1416 1966 fundationis
1431 1903 1494 1967 hoc

191 2012 365 2078 concedere
376 2012 545 2093 dignamur
558 2014 683 2078 ratione
699 2011 874 2077 aulicorum
887 2019 1068 2078 nostrorum
1084 2019 1116 2079 et
1131 2014 1267 2078 aliorum
1279 2015 1493 2095 dominorum,

191 2131 225 2188 vt
248 2126 355 2190 omnia
376 2144 495 2206 genera
508 2131 612 2206 potus,
635 2127 710 2191 rina
725 2126 900 2191 domestica
917 2144 974 2191 seu
991 2127 1115 2192 exotica
1131 2146 1188 2191 seu
1203 2129 1385 2208 peregriua,
1409 2148 1493 2210 quae

191 2239 347 2303 nominari
370 2240 503 2320 possint,
528 2239 598 2304 sine
621 2240 706 2304 omui
722 2239 950 2320 impedimento
967 2239 1068 2304 libere
1090 2240 1298 2321 propinarent
1313 2240 1373 2304 sub
1389 2259 1496 2322 poena

191 2351 414 2415 inclementiae
443 2356 582 2431 nostrae,
614 2352 711 2434 idque
741 2351 773 2414 in
804 2351 898 2415 domo
928 2351 1057 2432 publica
1079 2351 1129 2416 vel
1154 2352 1187 2415 iu
1211 2371 1273 2435 quo
1298 2352 1367 2418 loco
1392 2353 1492 2436 judex

191 2469 246 2528 aut
268 2469 432 2528 senatores
456 2464 593 2547 cuipiam
615 2465 874 2530 monstraueriut.
899 2463 960 2541 Qui
979 2483 1043 2528 non
1066 2465 1216 2544 potestati
1234 2483 1311 2530 suae
1327 2465 1493 2531 subiectus

190 2581 286 2655 esset,
316 2576 419 2659 judici
449 2583 506 2642 aut
533 2577 734 2658 magistratui
768 2576 869 2641 nollet
898 2595 1011 2658 parere
1034 2582 1068 2642 et
1097 2578 1151 2659 qui
1182 2578 1342 2659 impudice
1364 2581 1494 2644 uiueret

191 2689 312 2754 inceste
342 2691 543 2754 committens
573 2687 691 2754 delicta
724 2695 835 2754 contra
863 2690 984 2769 Deum,
1020 2693 1127 2771 utpote
1155 2690 1286 2769 caedes,
1320 2691 1491 2771 adulteria,

191 2803 295 2884 iisque
319 2799 438 2867 similia
465 2802 498 2866 in
528 2819 585 2865 suo
615 2801 747 2883 praedio
770 2807 804 2867 et
826 2802 959 2867 aedibus
989 2802 1156 2881 eiusmodi,
1188 2803 1274 2869 illico
1306 2803 1376 2869 sine
1404 2806 1491 2869 omui

189 2933 279 2979 mora
301 2914 449 2997 ejiciatur
470 2932 574 2996 neque
597 2913 735 2995 amplius
752 2913 918 2993 toleretur,
944 2915 1020 2996 quia
1034 2914 1129 2979 istam
1143 2895 1363 2982 fundationem
1379 2918 1493 2997 digna·

189 3047 261 3091 mur
283 3027 316 3092 iu
331 3045 411 3109 pace
433 3032 466 3091 et
487 3027 633 3091 castitate
649 3044 840 3092 conseruare
857 3027 916 3091 sub
933 3027 1114 3092 conditione
1131 3028 1197 3092 irae
1213 3033 1246 3093 et
1261 3029 1492 3110 indignationis

190 3144 319 3204 nostrae
341 3146 375 3204 et
389 3157 452 3204 non
467 3139 704 3220 recuperandae
719 3157 739 3202 a
753 3138 883 3221 regibus
899 3138 1072 3204 Bolremiae
1087 3140 1309 3221 praesentibus
1325 3145 1358 3204 et
1373 3140 1493 3206 futuris

190 3253 323 3333 gratiae.
347 3251 380 3316 Si
404 3250 475 3333 quis
498 3254 655 3315 attentare
676 3249 775 3316 vellet
790 3257 824 3316 et
837 3251 975 3316 iniurius
992 3258 1078 3317 esset
1093 3253 1233 3318 dioecesi
1255 3259 1288 3318 et
1309 3253 1492 3320 fundationi

190 3371 329 3445 nostrae,
352 3369 389 3427 ut
410 3382 475 3427 non
496 3367 628 3444 possent
648 3362 778 3445 ipsimet
799 3364 959 3444 resistere,
984 3364 1154 3446 dignamur
1167 3366 1364 3431 committere
1380 3386 1491 3432 curam

191 3479 284 3542 istius
307 3479 354 3542 rei
377 3481 486 3541 nostro
510 3475 745 3540 subcamerario
768 3481 801 3541 et
822 3477 941 3541 nostris
963 3477 1155 3542 consiliariis
1170 3479 1393 3558 praesentibus
1409 3483 1491 3546 etin

190 3596 353 3672 posterum
374 3588 501 3667 futuris,
525 3588 806 3668 nepotianum
828 3587 896 3653 ulla
920 3608 954 3654 re
977 3588 1051 3653 illos
1074 3590 1307 3655 incommodum
1330 3590 1426 3659 ferre.
1454 3594 1492 3657 In

188 3703 408 3768 testimonium
420 3699 561 3783 sigillum
575 3706 719 3765 nostrum
741 3700 829 3766 hisee
851 3700 968 3766 litteris
992 3702 1146 3784 applicari
1169 3703 1362 3770 curauimus.
1376 3705 1492 3770 Datae

189 3815 310 3897 Pragae
333 3815 385 3879 die
408 3814 509 3878 sancti
533 3812 681 3893 Gregorii
704 3832 786 3878 anno
811 3813 931 3878 domini
954 3813 1125 3880 millesimo
1149 3816 1375 3882 trecentesimo
1398 3836 1491 3883 sexa·

190 3930 311 4008 gesimo
335 3931 458 4010 quarto,
482 3926 610 4008 imperii
632 3925 734 3989 nostri
757 3927 907 3992 seeundo.

293 4149 436 4204 Obsaieuo
454 4167 471 4201 v
488 4147 649 4203 lrontirmaci
666 4149 753 4203 cisale
771 4148 891 4204 Rudolfa
909 4150 943 4205 11.
963 4150 988 4206 d.
1007 4168 1023 4204 r
1041 4151 1125 4205 Praze
1145 4160 1168 4206 9.
1188 4152 1259 4221 lljna
1277 4156 1343 4207 1581
1365 4154 1492 4208 ansele

187 4243 360 4299 Ferdinanda
377 4243 411 4298 11.
431 4242 457 4298 d.
475 4260 511 4297 na
528 4243 632 4298 Nouem
651 4245 737 4298 mdstd
756 4249 797 4298 25.
811 4260 895 4314 srpna
910 4252 976 4300 1625
988 4263 1004 4299 r
1017 4247 1127 4301 archiru
1140 4264 1175 4301 m.
1187 4247 1277 4318 Prahy
1294 4247 1316 4317 1,
1334 4250 1357 4302 d.
1370 4254 1403 4303 65
1416 4264 1434 4302 a
1446 4255 1491 4303 65.
