3068 5160
694 400 767 450 reor.
1340 405 1377 467 11

100 611 165 669 taxat
187 607 283 670 huius
306 606 519 688 proteccionis
543 606 684 688 presidio
708 607 857 672 uolumus
880 607 1079 686 communiri,
1111 609 1167 689 qui
1191 610 1289 676 nichil
1313 629 1379 676 ma-

99 716 198 782 chinari
228 718 481 801 presumpserint
511 719 543 782 in
576 718 818 784 subuersionem
843 718 920 785 fidei
942 717 1111 786 Cristiane.

180 831 392 897 innocencius
417 832 597 913 episcopus,
621 849 734 896 seruus
757 849 924 896 seruorum
947 831 1008 911 dei,
1033 832 1149 898 dilecto
1171 833 1238 900 filio
1258 834 1378 901 decano

99 938 281 1024 Erbipolensi
306 945 442 1010 salutem
468 952 501 1011 et
526 944 735 1027 apostolicam
755 944 1025 1010 benediccionem.
1060 945 1202 1012 Obuiare
1224 965 1288 1012 non
1310 967 1379 1013 cre·

99 1051 181 1119 linus
204 1057 422 1122 ecclesiastice
445 1056 614 1136 honestati,
648 1057 675 1122 si
699 1056 793 1123 sedes
823 1057 1008 1139 apostolica,
1035 1058 1090 1139 pia
1110 1065 1222 1139 mater,
1245 1059 1377 1139 dudeco,

98 1184 158 1245 [uos
180 1170 264 1234 inter
289 1169 373 1235 lilios
397 1170 447 1233 sui
470 1170 552 1234 vteri
575 1169 634 1236 sub
653 1170 791 1252 propriis
814 1169 929 1234 ritibus
960 1169 1144 1235 eorumdem
1166 1171 1302 1237 salutem
1324 1191 1378 1237 ex-

98 1288 206 1347 errans
222 1283 474 1348 misericorditer
496 1283 616 1364 patitur
635 1282 819 1348 conuersari
835 1282 886 1346 sui
899 1287 1047 1368 expertes
1062 1280 1183 1347 fauoris
1197 1287 1232 1348 ct
1245 1284 1378 1365 presidii

102 1413 140 1458 on
155 1395 325 1477 relinquat.
349 1393 432 1460 Sane
455 1396 539 1459 sicut
553 1394 730 1460 iudeorum
752 1395 894 1481 ciuitatis
918 1398 951 1459 et
973 1393 1111 1459 diocesis
1133 1392 1378 1475 Herbipolensis

98 1508 192 1572 eticio
209 1507 301 1572 nobis
316 1507 458 1572 exhibita
473 1507 666 1573 continebat.
683 1505 884 1573 Venerabilis
899 1505 999 1572 irater
1013 1512 1123 1572 noster
1133 1504 1378 1588 Herbipolensis

98 1620 244 1701 pisccpus
268 1619 484 1698 considerare,
509 1618 594 1700 quod
617 1618 763 1683 nonnulli
779 1617 1011 1684 cristianorum
1029 1619 1174 1684 eiusdem
1188 1619 1330 1685 ciuitatis
1345 1625 1379 1684 et

98 1732 213 1796 iocesis
230 1731 332 1796 dictos
352 1732 474 1796 ludens
491 1731 641 1796 indebitis
657 1731 814 1797 molestiis
830 1736 864 1796 et
878 1731 1101 1797 exaccionibus
1121 1736 1233 1797 contra
1255 1731 1378 1796 indulta

98 1844 238 1925 riuilegii
262 1845 346 1909 dicte
369 1844 455 1909 sedis
479 1844 693 1908 inhumaniter
711 1843 904 1926 affligebant,
929 1844 1035 1924 acpia
1050 1843 1225 1925 superbiis
1247 1850 1377 1926 gestans

97 1958 198 2021 iscera
221 1976 299 2037 erga
322 1976 387 2036 coe,
411 1957 587 2039 volensque
610 1957 752 2037 ipsorum
776 1957 877 2039 quieti
896 1955 1064 2023 consulere
1087 1956 1121 2020 in
1144 1955 1204 2022 hac
1227 1962 1318 2039 parte
1339 1977 1377 2023 ac

97 2071 235 2134 ictorum
253 2068 486 2134 cristianorum
508 2068 689 2150 prouidere,
713 2069 811 2134 saluti
834 2070 868 2134 in
889 2070 1021 2136 ciuitate
1036 2075 1070 2134 et
1085 2069 1206 2134 diocesi
1224 2070 1377 2151 predictis

97 2202 129 2245 er
153 2182 356 2246 subditorum
386 2200 516 2246 suorum
539 2180 610 2246 loca
632 2181 724 2247 duxit
745 2180 940 2263 generaliter
971 2182 1184 2260 statuendum,
1215 2200 1253 2247 ac
1275 2183 1377 2247 eciam

97 2295 300 2373 rhibendurn‚
337 2313 376 2358 ne
406 2293 524 2376 aliquis
555 2293 755 2358 subditorum
785 2312 916 2359 suorum
945 2293 1081 2359 clericus
1111 2294 1164 2359 uel
1193 2293 1312 2373 laicus,
1343 2294 1376 2358 in

97 2426 153 2472 uos
177 2407 247 2488 ipse
272 2407 472 2487 spiritualem
503 2406 555 2470 uel
578 2406 786 2488 temporalem
805 2406 1068 2490 jurisdiccionem
1090 2405 1222 2485 obtinet
1253 2405 1376 2471 Judcos

97 2538 160 2583 isos
184 2521 217 2584 in
241 2525 331 2600 parte
355 2518 472 2600 aliqua,
504 2518 537 2581 in
560 2518 717 2599 personis,
748 2518 845 2584 rebus
868 2519 921 2584 uel
944 2518 1075 2585 familiis
1105 2518 1290 2583 eorumdem
1316 2517 1375 2582 ali-

100 2639 231 2696 uatenus
256 2632 373 2695 audeat
387 2630 506 2708 ledere,
531 2630 684 2696 inuadere
700 2631 753 2696 uel
770 2631 871 2697 eciam
893 2632 928 2696 in
950 2631 1060 2714 aliquo
1076 2629 1257 2710 molestare,
1280 2635 1377 2713 prout

97 2745 233 2809 aliteris
264 2742 416 2808 conlectis
446 2744 561 2808 exinde
591 2763 628 2809 ac
659 2744 760 2826 ipsius
790 2745 933 2827 episcopi
955 2743 1063 2826 sigillo
1093 2745 1226 2810 munitis
1247 2743 1375 2827 plenius

97 2856 191 2920 licitur
215 2858 381 2921 contineri.
405 2856 471 2921 Nos
496 2857 603 2939 itaque
626 2857 843 2938 predictorum
858 2856 1033 2923 Judeorum
1048 2858 1197 2940 precibus
1219 2856 1374 2938 inclinati,

96 2969 160 3047 quod
175 2969 215 3034 ab
235 2970 348 3034 eodem
364 2969 513 3051 episcopo
537 2987 634 3050 super
649 2968 710 3034 hoc
724 2969 859 3050 proinde
873 2969 992 3036 iactum
1008 2976 1067 3049 est,
1091 2976 1195 3036 ratum
1210 2969 1374 3048 habentes

96 3079 262 3147 liserecioni
295 3087 349 3145 tue
380 3101 438 3162 per
468 3080 645 3162 apostolica
675 3082 795 3164 scripta
824 3084 1020 3161 mandamus
1055 3090 1213 3165 quatenus
1245 3081 1374 3146 eosdem

96 3189 194 3258 ludeos
223 3200 334 3259 contra
365 3195 579 3275 predictorum
610 3195 721 3259 statuti
752 3200 784 3259 et
814 3195 1018 3260 inhibicionis
1049 3200 1193 3260 tenorem
1216 3211 1281 3257 non
1303 3211 1374 3274 per·

96 3307 180 3371 uittas
205 3306 387 3387 superbiis
411 3306 450 3370 ab
474 3305 635 3388 aliquibus
659 3306 800 3370 indebite
817 3306 991 3371 molestari.
1015 3306 1240 3373 Molestatores
1263 3307 1374 3371 huius·

96 3419 157 3482 nodi
180 3438 239 3500 per
254 3436 422 3482 censuram
437 3418 687 3482 ecclesiasticam
703 3417 922 3498 appellacione
938 3419 1117 3499 postposita
1130 3419 1371 3501 compescenda,

96 3548 136 3593 ron
159 3531 315 3606 obstante,
340 3531 368 3593 si
392 3530 553 3612 aliquibus
577 3551 596 3595 a
618 3531 694 3594 sede
710 3528 886 3610 apostolica
903 3531 945 3595 sit
960 3530 1128 3609 indultum,
1152 3530 1238 3613 quod
1253 3530 1373 3611 absque

96 3651 179 3706 rostro
215 3641 349 3723 speciali
383 3643 532 3706 mandato
567 3643 833 3708 excommunicari
864 3649 919 3708 aut
948 3643 1098 3708 interdici
1128 3646 1289 3725 nequeant
1318 3646 1374 3705 aut

97 3756 235 3836 uspeudi.
284 3756 400 3819 Datum
431 3755 545 3818 Asissii
576 3742 636 3816 lli
667 3753 819 3818 kalendas
850 3754 998 3819 Octobris
1032 3754 1234 3836 pontificatus
1272 3753 1373 3816 nostri

97 3887 152 3930 nno
177 3866 395 3944 vndecimo.*l

173 3981 278 4059 Igitur
300 3997 372 4042 cum
396 3984 577 4042 sanctorum
600 3984 726 4058 patrum
749 3978 972 4043 concessiones
996 3984 1029 4043 ot
1051 3984 1170 4043 statuta
1192 3977 1294 4057 nobis,
1318 3977 1373 4059 qui

97 4092 180 4155 tulos
205 4091 372 4171 dignitatis
404 4097 511 4154 nostre
542 4089 600 4153 sub
631 4090 788 4172 principio
819 4088 914 4154 huius
944 4092 1060 4172 pagine
1091 4090 1238 4154 duximus
1268 4089 1373 4171 expri-

95 4206 212 4280 nendos,
244 4204 435 4267 documenta
465 4208 552 4268 certa
582 4202 647 4266 sint
676 4202 789 4267 merito
813 4207 846 4266 et
868 4201 1013 4284 exempla
1036 4202 1195 4267 vniuersis
1225 4201 1373 4268 fidelibus

95 4319 156 4399 rgrri
191 4315 294 4380 nostri
325 4333 384 4396 per
409 4315 581 4391 Boemiarn
614 4314 795 4391 baronibus,
831 4315 971 4394 supanis
1002 4313 1129 4393 villicis,
1157 4314 1319 4397 judicibus
1341 4319 1375 4380 et

172 4560 199 4617 *l
219 4564 261 4610 22¹».
281 4557 338 4608 za'tii
360 4561 433 4608 1253.
