3090 5370
685 384 760 434 noo.
1080 332 1082 337 Ι
1309 389 1373 455 153

176 585 334 668 Georgius
358 588 410 653 dei
432 589 541 670 gracia
561 588 715 654 Bohemie
739 608 804 668 rex,
829 587 975 656 Morauie
997 590 1149 672 marchio,
1175 592 1373 663 Lucanum-

65 700 180 783 gensis
203 706 235 765 et
250 698 353 766 Slesie
375 700 440 764 dur
454 719 492 766 ao
506 701 642 766 Lusacie
656 701 809 790 marchio.
832 702 882 767 Ad
905 709 1093 784 perpetuam
1108 705 1156 769 rei
1172 707 1374 776 memoriam.-

63 811 183 878 Karoli
205 812 320 878 ciuitas
342 813 513 900 ngensis
534 812 628 878 Noua
649 815 788 879 assiduis
812 815 913 880 nostri
937 816 1042 881 cordis
1074 817 1196 882 intimis
1219 818 1371 902 voluitur,

64 933 105 990 ut
129 944 200 991 eam
222 926 314 991 nobis
338 943 465 1008 semper
486 925 615 992 fidelem
630 926 794 992 inuentam
811 927 972 1011 aliquibus
988 930 1167 1011 graciarum
1183 931 1370 999 muneribus
1462 1012 1465 1019 ,

61 1037 304 1120 proueniamus.
349 1037 572 1121 Cogitantibus
595 1039 695 1121 igitur
724 1040 827 1120 nobis,
860 1042 937 1123 quid
958 1041 1184 1109 reformationi
1206 1050 1267 1111 etc.
1291 1043 1370 1126 (Na-

62 1148 192 1233 sleduje
213 1155 340 1216 1616166
362 1152 456 1215 nndnl
477 1151 596 1234 listiny,
617 1152 694 1234 jako
717 1170 737 1215 v
759 1151 1024 1236 piedchdzejlclm
1047 1154 1125 1220 listu
1147 1154 1174 1220 1.
1200 1156 1261 1221 155
1283 1160 1368 1222 sne·

61 1263 204 1345 kterpmi
234 1263 365 1346 malymi
392 1282 494 1346 poure
516 1262 673 1329 zmdnami
703 1267 768 1328 tam
791 1265 1005 1348 uvedenymi.)
1049 1267 1169 1331 Datum
1190 1267 1293 1350 Prage
1317 1270 1369 1335 dio

60 1375 168 1440 tercia
196 1374 277 1441 Julii
296 1394 380 1442 anno
411 1376 532 1441 domini
561 1374 733 1441 millesimo
757 1377 1071 1460 quadringentesimo
1102 1380 1367 1464 quinquagesimo

60 1506 161 1567 nono,
184 1489 277 1570 regni
301 1489 403 1554 nostri
426 1507 509 1553 anno
532 1488 684 1555 secundo.

171 1600 220 1665 Ad
243 1601 427 1666 mandatum
449 1600 572 1667 domiui
595 1602 681 1683 regis

402 1712 547 1778 Hilarius
570 1713 711 1780 decanus
734 1715 877 1780 omniurn
899 1720 1081 1781 sanctorum
1103 1715 1322 1798 Progensium.

170 1840 234 1923 (Na
255 1842 369 1925 rubuz)
391 1842 590 1925 Registrata:
614 1841 779 1909 Johannes
802 1844 842 1909 de
865 1845 1005 1911 Brunna.

169 2022 241 2091 Orig.
258 2037 275 2074 r
294 2021 405 2076 archiru
422 2038 457 2076 m.
474 2021 564 2091 Prnhy
582 2023 603 2092 1,
630 2024 653 2077 d.
674 2028 715 2078 1⁹.
733 2022 751 2077 S
769 2023 892 2079 krtisnou
915 2028 1005 2094 pedeti
1028 2041 1064 2080 na
1081 2026 1258 2082 bdlodervene
1283 2028 1366 2083 iidie

54 2116 224 2187 nveienou,
241 2133 277 2170 na
288 2117 366 2171 kterd
378 2116 496 2187 nalezajl
514 2132 544 2172 se
557 2118 727 2187 znakyzeml
743 2118 850 2188 koruny
862 2101 950 2175 deske
969 2137 986 2174 a
1003 2121 1095 2176 kolem
1114 2123 1193 2192 napis
1213 2122 1365 2192 „Georgius

56 2212 105 2267 dei
122 2212 217 2281 gracia
238 2227 287 2267 rex
303 2211 433 2267 Bohemie
451 2213 519 2269 eto.“
538 2242 573 2253 -
589 2213 652 2268 Llst
668 2221 715 2269 ten
733 2213 875 2284 potrrdili:
899 2215 1041 2271 Vladislar
1064 2233 1082 2269 v
1099 2216 1185 2273 Praze
1209 2223 1252 2274 21.
1271 2217 1366 2274 dubus

58 2313 141 2376 1476,
157 2305 314 2362 Fordinand
330 2308 351 2362 1.
379 2324 415 2363 na
436 2307 523 2363 hrode
540 2308 689 2364 Pralslrem
712 2314 738 2364 4.
756 2309 882 2379 prosince
909 2315 984 2378 1118,
1007 2309 1163 2366 Fordinund
1180 2311 1214 2367 ll.
1231 2326 1265 2367 ra
1282 2311 1365 2368 Vidni

57 2410 83 2459 7.
103 2407 205 2459 derrna
224 2408 300 2471 1627,
317 2401 472 2457 Ferdinnnd
489 2403 537 2458 Ill
556 2402 736 2473 vPreipuroe
750 2409 790 2458 13.
804 2403 993 2471 1161161646,
1010 2404 1097 2460 Mario
1110 2406 1222 2461 Teresia
1236 2421 1269 2461 re
1281 2405 1365 2462 Vidni

58 2507 102 2554 16.
121 2501 222 2554 aeruna
241 2503 306 2551 1741
325 2514 342 2552 a
360 2498 540 2554 Frontiielrl.
559 2514 591 2552 ve
608 2497 691 2553 Vidni
710 2499 964 2555 13.kvetna1808.

604 2759 620 2796 r
649 2741 810 2825 16161.

445 2929 551 2999 1460.
585 2932 643 3001 21.
665 2931 806 3000 dubna.
840 2931 977 3001 Pruna

55 3103 146 3169 Kree
163 3101 233 3167 Jirt
249 3106 412 3188 potoraaje
421 3104 632 3186 purkmiotra,
649 3103 807 3168 kondeldm
822 3105 899 3167 ivos
915 3103 983 3167 odoi
995 3103 1137 3171 Mamilio
1152 3109 1248 3170 meato
1262 3106 1360 3172 Prai-

52 3218 151 3282 eraso
172 3216 302 3279 61661116
322 3215 495 3300 pravilepia
510 3215 706 3301 pr'edcdly'mi
726 3216 815 3280 nali
827 3218 892 3302 jim
914 3217 1052 3281 adelerici
1068 3218 1220 3282 6661116111
1238 3219 1361 3305 sponda

383 3328 471 3391 ercle
493 3327 583 3392 Jaaa
604 3351 647 3392 aa
670 3326 819 3414 cybirdnt
841 3329 1035 3394 dloicbatlao.

162 3501 321 3584 Georgius
344 3501 396 3568 dei
419 3503 522 3583 gratia
541 3503 692 3569 Boemiae
714 3522 780 3583 rex,
804 3502 967 3571 Moraviae
990 3503 1141 3584 marchio,
1164 3505 1358 3570 Lucembur-

54 3614 166 3697 gensis
189 3617 223 3678 61
244 3605 380 3680 Silesiae
413 3615 477 3680 dux
500 3634 538 3680 ac
559 3615 711 3682 Lusatiae
744 3615 897 3682 marchio.
941 3616 991 3683 Ad
1012 3620 1200 3699 perpetuam
1222 3617 1270 3682 rei
1293 3636 1358 3683 me·

54 3727 202 3793 moriam.
247 3723 328 3791 Cum
350 3726 446 3792 decor
468 3732 501 3792 et
522 3728 613 3811 regni
635 3729 737 3794 nostri
758 3748 822 3794 non
854 3730 1005 3795 minimus
1036 3735 1167 3794 ornatus
1190 3730 1224 3795 in
1245 3728 1358 3812 ampli·

55 3840 167 3906 tudine
199 3839 373 3919 civitatum,
408 3838 573 3921 opulentia
602 3841 721 3906 civium
751 3848 784 3908 61
810 3842 899 3925 pacis
929 3841 1170 3924 pulchritudine
1193 3841 1356 3919 consistat

55 3954 196 4018 laetatur
209 3951 381 4017 admodum
396 3958 507 4018 nostra
521 3955 689 4035 serenitas,
712 3954 742 4019 si
757 3955 884 4021 urbium
898 3954 1095 4034 exaltationi,
1114 3953 1360 4035 privilegiorum.

55 4066 190 4147 insuper
203 4069 238 4130 et
246 4064 369 4147 jurium
385 4066 619 4131 conservationi
640 4085 679 4133 en
703 4067 811 4133 debito
833 4066 953 4149 regalis
979 4066 1090 4148 scripti
1112 4066 1355 4148 superintendit

54 4196 167 4243 eurum
189 4177 390 4259 praesertim,
414 4197 546 4261 qvarum
568 4179 654 4245 cives
676 4183 711 4245 et
732 4179 857 4245 incolae
878 4178 1067 4245 clarissimis
1098 4179 1355 4244 antecessoribus

55 4290 185 4370 nostris,
215 4289 414 4371 principibus
444 4295 477 4356 et
506 4291 636 4372 regibus
659 4290 810 4357 Boemiae
840 4299 873 4357 61
903 4291 1106 4374 obseqrendo
1135 4297 1300 4373 promptos
1324 4298 1357 4357 et

52 4401 235 4467 obediendo
264 4401 437 4467 benevolos
469 4419 541 4468 sese
570 4403 787 4469 reddiderunt.
832 4402 916 4469 Sane
945 4421 1003 4485 pro
1034 4407 1124 4484 parte
1149 4403 1354 4485 providorum

51 4513 202 4595 magistri
224 4513 352 4595 civium,
376 4515 542 4581 consulum
572 4516 752 4598 juratorum
775 4521 808 4582 et
829 4516 928 4581 totius
959 4517 1195 4581 communitatis
1218 4515 1354 4582 Minoris
