3090 5370
116 378 156 442 38
728 382 803 431 ram.

116 583 216 647 corvili
237 583 257 645 k
280 593 362 646 tomo
387 583 471 668 jiaty'
496 582 691 667 proctabdck,
722 584 762 668 by
783 583 895 648 datia
917 585 987 669 jidr
1016 588 1112 650 muta
1140 585 1320 651 duleum
1349 589 1416 675 by‘tc‘

220 695 331 771 ceolric,
361 695 524 780 ponduaodl
542 694 664 760 droca
683 695 844 782 coopello
864 701 941 760 oica
962 697 1082 762 lctomu
1102 703 1307 785 cepoatucbcjc.

221 867 287 934 Nos
311 868 475 937 lohannes
504 868 557 935 dbi
587 869 696 952 gracia
716 867 849 935 Boemie
871 875 904 935 et
925 870 1057 937 Polonie
1079 890 1135 937 rex
1158 891 1329 957 comesque
1351 876 1415 940 Lu-

117 981 356 1064 ccmburpensis
380 986 525 1047 constare
548 981 705 1063 volumus,
736 999 872 1066 quorum
902 983 1044 1064 interest,
1074 989 1186 1050 tenore
1211 987 1413 1067 presencium

117 1091 287 1172 uniuersis,
321 1094 406 1176 quod
429 1111 488 1158 nos
511 1094 711 1160 attendentes
744 1113 860 1176 manes
882 1100 916 1160 et
936 1096 1031 1162 utiles
1065 1094 1255 1162 dilectorum
1278 1100 1373 1165 nobis
1387 1149 1416 1165 ..

118 1205 237 1270 ciuium
260 1205 468 1288 Pragcnsium
491 1205 626 1286 labores,
657 1225 738 1291 quos
760 1207 919 1289 paciendo
942 1226 999 1273 seu
1020 1209 1239 1291 pauimentum
1269 1209 1416 1276 faciendo

116 1317 278 1400 lapideum
302 1336 360 1400 per
382 1318 485 1400 ipsam
516 1319 679 1384 ciuitatem
708 1324 849 1385 nostrum
872 1320 1065 1402 Progensom
1088 1321 1243 1387 Maiorem
1265 1327 1300 1387 et
1322 1342 1417 1406 quos-

116 1431 195 1496 libet
224 1430 312 1496 vicos
334 1429 404 1496 eins
427 1430 607 1497 voluntario
637 1432 791 1497 hactenus
820 1432 1030 1514 pertulerunt
1060 1434 1137 1518 qnia
1163 1440 1271 1500 tamen
1302 1453 1418 1502 census

118 1541 258 1608 ciuitatis
289 1543 442 1625 predicte,
474 1543 529 1627 qui
551 1542 712 1625 wlgariter
733 1544 843 1626 vngelt
864 1545 990 1625 dicitur,
1021 1543 1211 1611 adlabores
1241 1546 1333 1629 ipsos
1355 1567 1417 1614 non

117 1654 235 1721 sufficit
258 1655 500 1735 consumandus,
524 1674 565 1721 ne
586 1655 712 1725 labores
734 1656 871 1739 predicti
893 1663 960 1723 tam
982 1657 1077 1723 utiles
1103 1677 1198 1741 quam
1207 1655 1233 1740 ¹)
1257 1677 1417 1726 commen·

118 1767 242 1834 dabilea
265 1772 452 1833 remaneant
472 1767 661 1851 imperfecti,
692 1768 779 1835 fideli
802 1774 911 1835 nostro
942 1770 1059 1835 dilecto
1082 1769 1190 1836 Vlrico
1211 1770 1360 1855 Pflugoni
1382 1791 1417 1836 ao

119 1880 243 1946 ciuibus
274 1879 393 1945 nostris
423 1878 556 1962 prefatis
579 1881 768 1947 auctoritate
790 1887 901 1948 nostra
922 1882 1022 1964 regia,
1045 1882 1085 1948 de
1109 1888 1196 1947 certa
1224 1889 1338 1950 nostra
1359 1885 1418 1949 sci-

118 1992 210 2057 encIa
223 1990 371 2073 faciendi,
395 1993 565 2075 cogitandi,
589 1992 767 2074 ordinandi,
791 1994 980 2076 disponendi
998 1979 1036 2060 'et
1057 1996 1238 2075 mandandi,
1262 1997 1418 2080 quidquid

117 2105 158 2169 ud
180 2104 325 2170 laborum
346 2105 563 2187 predictorum
593 2107 901 2172 consummacionem
933 2107 1083 2189 expedire
1104 2107 1273 2187 videbitur,
1301 2110 1419 2174 nostris

119 2217 197 2293 vice,
222 2217 350 2283 nomine
380 2223 413 2282 et
441 2217 591 2283 mandato
618 2216 747 2300 plenam
777 2219 980 2284 concedimus
1011 2225 1044 2284 et
1073 2220 1186 2284 damus
1214 2222 1419 2302 presentibus

119 2329 308 2408 acuitatem,
338 2346 419 2413 quas
441 2334 515 2412 post
536 2328 682 2396 laborum
712 2329 947 2413 sepedictorum
977 2329 1209 2413 perfeccionem
1241 2330 1420 2414 plenariam

118 2440 238 2507 nullius
260 2440 329 2507 iore
351 2441 498 2508 volumus
520 2442 645 2508 roboris
667 2447 725 2506 aut
753 2441 916 2508 momenti.
949 2441 988 2507 In
1011 2443 1102 2508 cuins
1131 2443 1179 2509 rei
1200 2444 1420 2511 testimonium

119 2553 262 2636 sigillum
284 2558 429 2619 nostrmn
451 2554 653 2636 presentibus
675 2557 726 2618 ost
747 2570 933 2635 appensum.
956 2553 1076 2620 Datum
1098 2555 1131 2620 in
1152 2555 1255 2620 Thnst
1269 2555 1349 2622 XIII
1364 2558 1420 2622 ka-

118 2666 230 2731 lendas
246 2663 443 2747 Septembris
458 2684 541 2730 anno
558 2665 678 2731 domini
694 2664 864 2731 millesimo
879 2667 1106 2732 trecentesimo
1124 2667 1288 2734 tricesimo
1305 2671 1421 2752 primo.

222 2835 306 2891 Liber
322 2834 525 2890 vetustissimus
543 2834 744 2904 privilegiorum
763 2837 786 2890 d.
805 2842 855 2890 993
874 2843 921 2891 atr.
937 2843 962 2891 2.
979 2854 996 2889 r
1014 2838 1124 2892 archiru
1143 2855 1178 2893 m.
1194 2839 1292 2908 Prahy.
1328 2840 1421 2895 Pelael

123 2931 190 2984 Karl
209 2929 258 2986 dar
274 2929 376 2986 Vierte.
411 2928 587 2986 Urkrmdenb.
605 2929 645 2984 N·
661 2928 709 2984 111.
742 2933 762 2998 ¹)
782 2929 909 3001 Rnlropis
927 2932 971 2985 mt
987 2938 1134 3000 tamquam.

699 3162 764 3247 da.
788 3184 839 3247 21.

458 3369 564 3440 1331.
603 3370 660 3438 w.
684 3388 814 3456 arpna.
852 3371 1082 3442 numantiae.

119 3559 202 3625 Krat
217 3557 285 3625 Jua
306 3560 431 3646 addlujc
453 3560 620 3624 midiocdm
635 3558 765 3625 Scordo
787 3565 884 3626 mesto
898 3562 1072 3627 Ηαέεῐοέίιο
1093 3564 1155 3641 liat,
1180 3567 1299 3651 loterym
1313 3568 1428 3650 juloe'ai

114 3673 320 3760 mordacium
347 3675 516 3737 medianum
545 3653 732 3758 Raucakgim
761 3696 805 3736 aa
835 3650 935 3739 dkodu
957 3674 1137 3740 Pramum
1167 3677 1305 3754 adilane,
1337 3679 1427 3743 dedici

118 3788 242 3871 ncjrpid
265 3787 359 3870 proti
385 3782 597 3870 poaaoodoirn
630 3782 811 3850 abacelam
841 3785 977 3851 obcbodu
1005 3789 1097 3852 cizici
1132 3789 1234 3872 capot
1263 3814 1282 3853 o
1312 3789 1424 3865 Panae,

659 3919 728 3961 zoae
748 3902 883 3983 amocje.

103 4106 104 4110 =
224 4069 290 4135 Nos
314 4072 478 4137 Iohannes
508 4072 560 4136 dci
591 4071 700 4153 gracia
721 4069 852 4136 Boemie
875 4077 908 4136 et
930 4070 1062 4136 Polonic
1092 4094 1147 4139 rex
1171 4094 1208 4140 ac
1230 4077 1424 4143 Lucember-

122 4180 230 4262 gensis
254 4200 360 4249 comes
383 4185 424 4249 ad
446 4184 668 4249 vniueraorum
697 4186 763 4247 tam
785 4181 987 4264 presencium
1019 4203 1115 4266 quam
1137 4186 1317 4253 biturorum
1341 4191 1425 4255 noti·

122 4292 205 4356 ciam
234 4292 380 4360 volumus
409 4294 613 4378 presentibus
643 4292 822 4376 peruenire,
853 4290 937 4376 quod
970 4291 1046 4360 licet
1074 4296 1258 4364 libertatum
1288 4306 1322 4365 et
1349 4321 1429 4384 qua·

121 4403 256 4469 rundam
279 4406 457 4487 graciarum
480 4403 720 4473 honorabilibus
744 4401 821 4468 vlrls
853 4402 976 4469 (rictibus
1002 4404 1299 4491 Ratisponensibus
1332 4414 1427 4479 nobis

121 4515 247 4601 sincere
279 4515 416 4598 ddectia
451 4523 596 4600 patentes
627 4513 779 4601 quasdam
816 4512 925 4580 libror
961 4523 1086 4583 nostras
1117 4522 1245 4589 dedisse
1280 4527 1429 4607 proxime
