3068 5160
678 328 752 377 1477.
1297 325 1360 388 289

60 542 93 600 et
117 541 226 599 nostro
251 535 337 614 regio
362 551 519 598 consensu
544 533 737 596 communire
760 531 974 612 dignaremur.
1008 528 1075 594 Nos
1099 530 1204 614 itaqve
1226 539 1360 613 pensata

61 666 190 728 semper
213 649 370 711 constanti
394 651 426 710 et
449 645 611 710 indefessa
632 642 786 709 fidelitate
809 661 846 706 ac
870 643 1032 725 obsequiis
1056 647 1222 726 promptis,
1245 646 1358 727 qvibus

61 762 149 825 cives
165 765 199 825 et
213 758 334 823 incolas
351 760 454 824 dictae
471 758 609 823 civitatis
626 756 718 822 nobis
735 775 806 820 cum
822 757 1061 848 perseverantia
1083 756 1235 822 assistere
1250 776 1360 823 sumus

60 873 196 955 experti,
219 873 302 936 votis
326 873 390 935 iam
413 871 507 935 dictis
531 871 672 951 gratiose
695 869 875 934 annuimus,
914 867 1120 950 ,Qvaproptcr
1142 888 1206 934 non
1228 890 1286 953 per
1309 892 1358 937 er·

59 1003 167 1049 rorem
191 990 246 1049 aut
267 984 454 1064 improvide,
478 984 534 1048 sed
557 983 663 1047 animo
691 983 877 1060 deliberato,
901 999 979 1046 sano
995 1000 1161 1063 procerum
1177 988 1210 1047 et
1224 984 1360 1050 alivarum

60 1103 245 1162 nostrorum
260 1096 401 1162 fidelium
421 1097 592 1162 accedente
617 1095 759 1174 consilio,
783 1113 822 1158 ex
845 1100 931 1159 certa
953 1100 1063 1159 nostra
1085 1096 1229 1176 scientia,
1253 1105 1360 1164 aucto-

60 1213 157 1275 ritate
180 1211 269 1291 regia
298 1228 457 1273 armorum
489 1227 545 1273 seu
577 1209 798 1290 insigniorum,
831 1226 911 1290 qvae
940 1207 1105 1288 praedicta
1126 1207 1218 1273 Nova
1247 1211 1360 1274 civitas

59 1329 174 1389 nostra
188 1322 358 1403 Pragensis
375 1322 493 1385 dudum
509 1321 682 1401 obtinebat,
705 1321 895 1385 auctoritate
915 1319 1073 1402 imperiali
1096 1321 1360 1400 meliorationem,

61 1437 211 1500 decorem
235 1439 267 1497 et
289 1434 391 1514 magis
414 1438 629 1513 praestantem
652 1438 807 1512 omatum,
840 1432 1105 1515 quemadmodum
1134 1431 1230 1497 litera
1252 1434 1359 1516 sigillo
1451 1445 1456 1455 '

60 1547 240 1628 majestatis
270 1544 446 1626 imperialis
477 1547 608 1623 munita,
639 1545 689 1608 his
711 1545 815 1609 literis
840 1545 958 1611 nostris
982 1545 1021 1608 de
1045 1544 1142 1609 verbo
1166 1546 1361 1611 adverbum

60 1661 194 1738 inserta,
218 1657 302 1721 clare
320 1658 461 1721 continet
480 1662 513 1720 et
532 1658 736 1736 demonstrat,
753 1675 889 1721 unacum
913 1656 1060 1721 omnibus
1083 1656 1226 1723 ciusdem
1250 1657 1362 1724 literae

59 1770 201 1854 punctis
224 1769 378 1835 clausulis
393 1775 426 1834 et
440 1768 584 1835 articulis
607 1769 710 1834 eidem
734 1769 856 1834 civitati
878 1774 910 1833 et
929 1768 1044 1833 incolis
1060 1770 1130 1853 ejus
1147 1788 1204 1852 pro
1219 1776 1362 1853 ternpore

61 1884 274 1948 existentibus
286 1881 509 1963 approbamus,
525 1881 729 1961 ratificamus,
746 1887 948 1964 acceptamus
964 1860 1123 1947 eteoclem
1140 1900 1231 1948 arma
1252 1889 1361 1948 nostro

62 1997 153 2078 regio
177 2013 334 2060 consensu
358 1995 588 2059 communimus
612 1994 651 2058 de
673 1993 777 2075 gratia
798 1992 895 2056 etiam
919 1991 1051 2074 speciali
1074 1999 1184 2059 nostra
1205 1996 1304 2077 regia,
1328 2002 1364 2060 ut

62 2109 150 2174 dicta
173 2108 284 2173 civitas
299 2105 390 2171 Nova
412 2106 582 2186 Pragensis
605 2105 718 2170 maiori
741 2111 854 2169 ornatu
874 2105 1016 2186 ipsorum
1031 2124 1191 2171 armorum
1214 2108 1360 2189 gaudeat,

62 2220 187 2286 eisdem
206 2220 352 2283 addiruus
375 2224 408 2284 et
429 2218 632 2299 adiungimus
654 2217 887 2283 extremitatem
907 2216 1053 2313 ferream,
1077 2223 1203 2283 acutam
1222 2220 1256 2283 in
1270 2219 1363 2284 hasta

63 2352 122 2398 seu
138 2332 259 2411 lancea,
283 2332 405 2396 dictam
415 2330 590 2411 vulgariter
611 2331 694 2396 hrot.
717 2329 870 2395 Uolentes
887 2335 920 2394 et
935 2331 1047 2395 eadem
1070 2331 1259 2397 auctoritate
1274 2333 1363 2413 regia

63 2447 273 2510 decernentes
295 2462 391 2525 saepe
407 2442 523 2507 dictam
538 2443 699 2507 civitatem
718 2449 860 2508 nostram
874 2441 997 2507 Novam
1012 2443 1205 2524 Pragensem
1220 2463 1257 2510 ac
1272 2444 1362 2508 inha-

63 2559 219 2622 bitatores
243 2557 396 2634 ciusdem,
421 2560 606 2636 praesentes
622 2560 655 2620 et
669 2553 803 2635 futuros
827 2556 1008 2620 iamdictis
1031 2556 1139 2635 armis,
1163 2563 1198 2622 ut
1211 2555 1362 2639 praemit2

63 2672 152 2746 titur,
167 2671 200 2734 in
214 2669 303 2733 illam
316 2667 504 2732 nobiliorem
516 2665 651 2730 formam
662 2667 809 2746 redactis,
827 2669 1089 2750 quemadmodum
1106 2669 1237 2751 pictoris
1249 2687 1363 2733 manus

64 2784 115 2846 liis
132 2782 249 2845 litteris
265 2781 384 2845 nostris
401 2779 485 2844 clare
501 2780 646 2857 inseruit,
658 2779 759 2844 libere
770 2780 887 2861 ubiqve
903 2781 1045 2846 locorum
1061 2784 1109 2846 uli
1125 2761 1240 2846 debere
1268 2800 1363 2862 posse

10 2893 14 2903 '
64 2902 96 2958 et
127 2895 266 2975 gaudere
291 2895 321 2957 in
345 2893 491 2956 omnibus
520 2891 625 2970 bellis,
649 2891 785 2969 vexillis,
816 2892 988 2971 banderiiS,
1020 2894 1130 2972 scutiS,
1160 2895 1193 2957 iu
1225 2895 1363 2959 civitatis

64 3008 177 3089 portis,
202 3005 357 3084 infestis
390 3005 645 3082 solennitatibus
676 3004 809 3068 laetitiis
832 3010 865 3068 et
886 3005 1056 3085 triumphis
1075 3006 1267 3087 generaliter
1294 3009 1363 3071 uni-

64 3119 178 3196 versiS,
203 3119 294 3181 acin
318 3117 424 3199 sigillo
447 3117 590 3180 ciusdem
615 3117 752 3180 civitatis
776 3121 808 3181 et
829 3117 897 3210 hoc.
913 3123 1034 3181 semoto
1062 3119 1148 3183 ornni
1171 3118 1364 3198 generaliter

64 3248 323 3315 qvorumcuuqve
339 3230 565 3310 impedimento
581 3229 745 3310 perpetuis
757 3230 954 3310 temporibus
966 3231 999 3293 iu
1012 3229 1163 3295 futurum.
1186 3229 1273 3293 Nulli
1287 3249 1362 3310 crgo

65 3343 196 3407 omuino
219 3342 382 3405 hominum
403 3342 500 3406 liceat
522 3342 604 3405 hanc
626 3341 774 3421 paginam
801 3343 904 3405 nostri
927 3360 1111 3420 consensus,
1136 3317 1362 3423 acceptationis

65 3463 98 3519 et
121 3453 361 3535 approbationis
385 3454 590 3535 quovismodo
620 3451 792 3533 infringere
816 3458 871 3517 aut
891 3455 1017 3517 clausu
1040 3455 1211 3518 temerario
1235 3473 1363 3535 qvomo-

66 3568 190 3632 dolibet
212 3566 369 3631 contraire
393 3568 451 3631 sub
475 3584 577 3646 paena
600 3565 829 3646 indignationis
852 3574 980 3631 nostrae
1011 3566 1120 3647 regiae
1143 3571 1364 3630 nostrorumve

66 3696 298 3756 successorum,
330 3698 424 3760 quam
448 3678 712 3743 contrafacientes
743 3680 891 3743 noverint
913 3696 947 3742 sc
971 3678 1237 3743 irremissibiliter
1259 3679 1364 3743 incur·-

67 3810 171 3856 suros.
217 3791 254 3855 In
286 3810 417 3872 qvorum
451 3790 544 3854 fidem
579 3794 764 3872 praesentes
799 3790 909 3881 literas
942 3796 1069 3855 nostras
1104 3791 1174 3856 fieri
1203 3797 1236 3855 et
1266 3790 1365 3872 sigilli
1393 3789 1396 3795 ’

67 3904 170 3970 nostri
199 3902 318 3983 regalis
352 3903 547 3984 appensione
581 3902 733 3966 iussimus
768 3882 965 3967 communiri.
1010 3903 1128 3967 Datum
1159 3903 1280 3983 Pragae
1313 3903 1365 3966 die

66 4018 224 4097 vigesima
247 4016 387 4079 secunda
409 4016 528 4078 mensis
545 4013 691 4079 Octobris
707 4032 790 4078 anno
815 4013 935 4077 domini
958 4014 1129 4079 millesimo
1154 4014 1364 4097 qvadringen·

65 4131 183 4194 tesimo
207 4128 443 4209 septuagesimo
467 4128 611 4208 septimo,
644 4127 733 4207 regni
756 4127 859 4190 nostri
882 4146 964 4191 anuo
989 4128 1134 4208 septime.

172 4241 222 4304 Ad
244 4240 427 4303 mandatum
450 4238 570 4303 domini
593 4238 679 4319 rogis

380 4351 507 4415 domino
532 4348 700 4416 Czenkone
723 4351 807 4415 dicto
832 4349 982 4415 Cunade
1006 4349 1150 4432 Constat,
1173 4371 1321 4436 supremo

454 4464 630 4550 camerario*
650 4464 727 4528 sude
744 4463 976 4544 Olomucensis,
999 4463 1234 4530 reffereudario.

1177 4603 1208 4649 19
