3068 5160
675 109 748 157 raso.
1313 108 1355 173 59

55 311 154 375 vllam
178 311 316 391 exigere,
339 314 449 391 petere
473 315 528 374 aut
550 312 692 393 recipere
715 312 860 377 volumus
882 313 1059 394 pecuniam,
1091 319 1147 378 aut
1168 316 1263 396 exigi,
1291 316 1356 396 peti

53 429 112 488 ant
135 423 237 504 recipi
259 422 421 500 faciemus,
446 441 505 488 nec
527 424 629 488 dictos
652 424 739 488 ciues
763 425 803 489 ad
825 425 934 507 aliqua
953 426 1091 491 seruicia
1106 428 1198 491 nobis
1212 426 1358 493 facienda

54 554 209 617 cogemus
233 540 288 599 aut
311 535 381 615 cogi
403 534 566 613 faciemus,
590 555 649 600 nec
671 554 727 600 eos
749 535 802 600 uel
826 536 966 619 aliquem
988 556 1026 600 en
1050 538 1129 618 ipsis
1145 557 1279 619 grauate
1302 545 1358 604 aut

53 648 284 730 dampnificare
314 646 461 712 volumus
490 647 596 711 medio
626 653 768 728 tempore
799 648 832 713 in
862 667 973 713 eorum
1002 651 1147 730 personis
1170 650 1220 714 vel
1251 652 1356 730 rebus,

53 768 111 825 ant
135 780 194 842 per
217 761 397 842 quempiam
420 759 583 826 faciemus
607 759 673 825 Nos
689 779 765 824 vero
788 762 867 841 ipsis
891 762 1015 826 ciuibus
1038 762 1156 827 nostris
1179 767 1212 826 et
1234 763 1357 829 ciuitati

54 880 168 939 nostre
191 874 333 954 predicte
350 872 383 936 in
406 877 586 937 restaurum
610 891 667 938 sen
691 873 898 938 sublenamen
920 875 1099 939 debitorum
1121 875 1264 956 ipsorum
1286 894 1357 956 pre·

55 987 238 1067 rogatiuarn
260 1004 299 1050 ex
322 986 441 1067 regalis
464 985 701 1067 magnificencie
724 990 834 1051 nostre
855 985 988 1051 facimus
1012 986 1215 1066 singularem,
1239 993 1273 1052 vt
1294 988 1357 1052 tria

55 1098 189 1180 vngelta
211 1101 243 1163 in
267 1099 352 1164 dicta
382 1099 511 1164 ciuitate
538 1098 689 1163 videlicet
717 1117 903 1181 pannorum,
936 1098 1088 1162 mercium
1122 1100 1302 1164 institamm
1325 1106 1358 1165 et

56 1211 247 1276 braxaturas
277 1213 414 1276 cernisie
447 1231 518 1276 cnm
548 1211 756 1291 prouentibus
787 1212 928 1292 ipsorum
959 1211 1047 1275 iuxta
1068 1209 1196 1291 placita,
1219 1230 1277 1291 per
1299 1231 1357 1277 nos

54 1330 89 1389 et
104 1325 193 1406 ipsos
210 1325 298 1389 ciues
314 1330 441 1388 nostros
457 1323 606 1389 hincinde
622 1323 739 1402 habita,
763 1321 846 1387 infra
867 1323 1010 1404 spacium
1031 1322 1188 1387 dictorum
1203 1342 1357 1389 annorum

56 1456 129 1501 curn
152 1436 299 1501 edicione
322 1437 426 1518 quinti
449 1437 523 1500 anni
547 1455 604 1518 pro
625 1454 660 1501 se
675 1435 817 1517 recipere
840 1434 977 1500 debeant
992 1439 1026 1500 et
1040 1435 1167 1515 habere,
1192 1453 1357 1517 quousque

56 1551 164 1613 omnia
195 1555 229 1613 et
259 1549 386 1631 singula
415 1550 523 1614 debita
553 1568 611 1630 per
640 1550 727 1630 ipsos
758 1549 846 1613 ciues
877 1552 1004 1612 nostros
1035 1566 1234 1630 quocumque
1264 1549 1357 1612 modo

55 1666 220 1725 contracta
243 1662 275 1724 in
299 1662 458 1743 integrum
479 1661 599 1726 fuerint
619 1660 793 1742 persoluta,
818 1660 1044 1742 impedimento
1067 1665 1176 1725 nostro
1199 1665 1233 1725 et
1253 1660 1358 1725 cuius·

58 1771 138 1838 libet
167 1793 232 1838 non
263 1773 418 1840 obstante.
452 1775 557 1839 Debet
587 1793 714 1857 qnoque
745 1774 849 1856 ipsum
871 1773 1034 1854 vngeltnm
1065 1774 1111 1838 sic
1133 1773 1232 1865 recipi
1262 1778 1358 1855 atque

61 1885 138 1966 dari,
162 1886 314 1952 videlicet
337 1888 422 1969 qnod
444 1887 585 1952 vendens
608 1905 731 1969 pannos
754 1887 824 1952 siue
845 1904 968 1952 merces
998 1885 1181 1951 institarum
1203 1884 1284 1950 ciuis
1307 1884 1358 1949 vel

62 1995 177 2080 hospes
201 1999 240 2063 de
265 1999 408 2081 qualibet
430 2019 589 2082 sexagena
618 2018 804 2082 grossorum
826 2018 883 2065 sex
904 2016 1021 2080 paruos
1055 1998 1204 2062 denarios
1230 1996 1358 2062 usuales

63 2115 224 2176 clemens
248 2131 370 2177 merces
393 2115 522 2178 easdem
545 2112 678 2178 totidem
707 2130 825 2195 paruos
848 2112 881 2176 in
903 2111 1006 2193 prima
1027 2110 1214 2175 vendicione
1236 2114 1270 2175 et
1291 2128 1357 2173 em-

64 2222 172 2298 pcione
195 2228 319 2288 tantum
342 2229 374 2289 et
396 2244 460 2290 non
476 2225 609 2291 vlterius
632 2224 759 2290 soluere
774 2230 825 2289 est
840 2224 999 2301 astrictus,
1023 2226 1056 2287 et
1071 2221 1206 2304 quilibet
1219 2221 1357 2286 branans

63 2336 228 2400 ceruisiam
259 2337 292 2400 in
323 2338 393 2418 ipsa
415 2337 545 2403 ciuitate
567 2338 608 2403 de
630 2357 693 2403 vna
721 2337 894 2402 braxatura
922 2334 1060 2401 ceruisie
1081 2352 1178 2398 vnum
1209 2350 1356 2415 grossum

66 2461 119 2524 pro
141 2448 269 2530 vngelto
293 2450 371 2531 ipsis
395 2451 519 2515 ciuibus
542 2450 618 2514 dare
641 2450 746 2515 debet.
782 2448 817 2513 Si
840 2448 911 2531 quis
935 2466 1010 2512 vero
1034 2447 1092 2511 sub
1115 2465 1178 2510 vna
1199 2463 1359 2526 sexagena

66 2576 244 2636 grossorum
266 2562 447 2626 vendiderit
465 2561 516 2626 vel
532 2563 645 2625 emerit
667 2563 700 2625 in
722 2560 891 2639 mercibus,
914 2564 949 2623 vt
966 2559 1149 2641 predicitur,
1174 2558 1357 2641 quidquam,

66 2671 104 2736 de
124 2674 305 2739 huiusmodi
329 2673 515 2739 vendicione
538 2678 571 2738 et
593 2675 756 2754 empcione
778 2691 835 2754 pro
859 2672 988 2754 vngelto
1011 2671 1108 2735 nichil
1133 2671 1229 2737 dabit.
1260 2671 1358 2735 Addi-

65 2786 160 2850 cimus
191 2789 302 2865 eciam,
337 2788 422 2868 quod
452 2804 561 2850 omnes
591 2791 784 2851 mercatores
816 2786 950 2866 Pragam
981 2803 1052 2849 cum
1081 2785 1194 2864 pannis
1228 2784 1358 2866 quibus-

65 2915 184 2980 cunque
208 2899 261 2962 uel
284 2899 442 2963 mercibus
465 2899 647 2962 institarum
670 2899 788 2964 ibidem
811 2917 875 2963 non
898 2898 1012 2979 emptis
1042 2898 1179 2961 transire
1203 2896 1356 2974 volentes

65 3012 254 3076 tenebuntur
276 3012 352 3075 dare
375 3013 414 3076 de
438 3012 582 3093 qnalibet
603 3012 750 3093 ligatura,
775 3031 836 3095 que
860 3012 958 3076 sawin
981 3009 1107 3087 dicitur,
1131 3007 1181 3072 vel
1208 3007 1248 3071 de
1264 3027 1358 3071 curru

65 3126 213 3188 mercium
229 3124 411 3188 institarum
435 3125 616 3207 quindecim
639 3143 767 3206 grossos
791 3124 950 3205 predictos
965 3140 1023 3203 pro
1038 3119 1178 3201 vngelto.
1202 3118 1236 3184 Si
1251 3126 1358 3183 auteur

67 3238 231 3318 quisquam
258 3255 380 3316 pannos
411 3255 617 3319 quoscunque
647 3237 748 3317 Prage
778 3235 892 3299 emerit
914 3239 946 3297 et
968 3251 1024 3297 eos
1050 3232 1185 3296 educere
1209 3230 1356 3308 voluerit,

65 3347 132 3412 dato
157 3348 286 3429 vngelto
310 3350 349 3413 de
373 3349 516 3431 qnalibet
538 3368 705 3430 sexagena,
729 3354 765 3412 ut
786 3346 969 3428 predicitur,
993 3347 1033 3410 de
1055 3325 1194 3425 ligatura
1214 3341 1359 3424 predicta

64 3461 156 3524 nichil
182 3461 280 3525 dabit.
325 3461 374 3525 hd
397 3462 430 3525 id
453 3480 530 3526 uero
560 3479 617 3542 pro
648 3458 779 3541 speciali
810 3457 952 3522 subsidio
982 3456 1171 3521 soluendum
1193 3453 1358 3535 vngeltnm

63 3591 170 3637 omnes
202 3574 290 3638 ciues
321 3580 354 3638 et
382 3592 544 3654 personae,
576 3574 792 3654 cuiuscunque
823 3568 1019 3635 condicionis
1050 3568 1198 3644 existant,
1222 3567 1356 3646 negocia

63 3685 244 3750 huiusmodi
268 3686 301 3749 in
324 3685 409 3749 dicta
436 3684 566 3749 ciuitate
581 3684 733 3766 Pragensi
755 3684 789 3748 in
803 3680 969 3746 vendendo
985 3686 1018 3744 et
1033 3679 1165 3744 emendo
1185 3682 1359 3743 tractantes

62 3797 282 3863 fauorabiliter
311 3797 501 3877 obligamus.
546 3795 741 3878 inquorum
770 3793 987 3858 testimonium
1011 3796 1043 3856 et
1065 3790 1264 3855 euidenciam
1291 3789 1358 3870 ple·

61 3911 182 3974 niorem
206 3912 372 3989 presentes
396 3907 507 3972 literas
530 3907 637 3988 sigillo
658 3907 834 3972 maiestatis
857 3910 965 3970 nostre
988 3904 1135 3968 duximus
1159 3902 1358 3966 muniendas.

61 4022 179 4086 Datum
210 4021 311 4101 Prage
346 4039 428 4084 anno
460 4020 579 4084 domini
618 4017 788 4082 millesimo
822 4016 1044 4081 trecentesimo
1077 4013 1239 4078 tricesimo
1264 4031 1358 4092 nono,

59 4135 194 4199 sabbato
219 4131 302 4196 infra
325 4139 455 4196 octauas
478 4131 653 4196 Trinitatis.

165 4260 249 4313 Liber
267 4260 470 4313 vetustissimus
489 4265 653 4313 statutorum
671 4259 693 4311 d.
712 4263 763 4310 993
782 4265 830 4310 str.
849 4263 879 4310 61
900 4272 916 4307 v
935 4254 1044 4308 archivo
1062 4271 1097 4308 m.
1114 4253 1212 4322 Prahy.
