3068 5160
678 376 753 428 rsro.
1300 385 1362 450 147

55 573 233 659 potiebare,
264 581 295 638 ie
316 577 426 640 mobou
448 600 486 640 zo
507 588 588 642 tento
613 583 706 663 penis
727 581 873 646 noddoti
899 580 974 647 sobri
996 606 1016 647 v
1038 583 1131 649 boica
1160 587 1364 676 babaskpdt

59 688 166 751 barem
189 692 233 752 et
255 688 296 751 lot
316 691 447 774 boppone
468 691 601 774 pr‘iiticb
624 691 711 755 cirici
727 691 924 776 potiebaobo
955 694 1073 781 kdaiby
1086 698 1152 782 jim
1174 700 1216 764 od
1236 701 1361 767 lerdloo·

58 801 156 865 alce'bo
179 801 297 865 lcsas'lro
321 798 447 865 Ctiboro
468 803 611 868 ukdzdao
642 801 722 889 hylo.
766 803 886 870 Datwn
908 805 1018 871 Pclseo
1039 830 1123 872 anuo
1145 809 1178 876 d.
1199 812 1363 879 malcomo

60 915 273 977 trecentesimo
295 916 486 999 seccopeaimo
501 917 640 1000 septimo,
662 916 834 985 indiccione
849 919 969 1003 quinto,
992 918 1067 984 idea
1081 919 1269 1001 Dmmbb,
1292 947 1360 1011 req·

140 1048 251 1090 nomm
274 1037 451 1090 nostrorum
473 1028 614 1093 vicesimo
636 1029 777 1106 secundo,
800 1031 929 1115 imperii
948 1053 1024 1097 uero
1046 1034 1138 1099 tercio
1160 1034 1284 1100 decim.

166 1182 250 1236 Liber
267 1184 473 1238 vetustissimus
491 1184 694 1253 privilegiorum
713 1187 736 1239 c.
754 1191 806 1240 993
825 1190 873 1242 str.
892 1190 926 1240 54
943 1202 960 1240 v
978 1186 1089 1242 archivo
1107 1205 1142 1243 m.
1159 1186 1257 1258 Prahy.

641 1373 706 1459 bn.
729 1393 781 1459 eo.

468 1563 571 1634 1370.
606 1564 641 1634 9.
663 1565 788 1634 lerina
822 1564 959 1635 Proba

58 1734 156 1803 &sari
175 1737 275 1802 Karel
296 1737 318 1799 1
321 1734 354 1800 V.
377 1739 470 1823 cbtrije
491 1736 631 1802 acelebiti
652 1741 822 1822 pe'atovdm‘
843 1737 965 1802 domici
986 1740 1060 1825 rtruy
1080 1740 1233 1826 cohercjc,
1263 1746 1295 1806 ie
1318 1741 1360 1806 od

58 1850 228 1916 oiaobraoc‘
248 1856 289 1914 ai
307 1850 347 1914 do
373 1849 476 1933 potito
498 1872 545 1934 po
568 1849 715 1934 provoca
737 1849 836 1915 ailcdo
861 1854 959 1915 msmt
980 1851 1021 1916 do
1043 1854 1119 1916 meat
1141 1830 1272 1939 &stapel
1293 1854 1362 1918 σῖτά

56 1969 135 2027 ea‘na
156 1964 251 2027 cociti
271 1985 292 2025 a
307 1964 344 2047 je
365 1972 430 2053 taor
446 1961 631 2045 proddoati,
655 1962 765 2026 larome
781 1962 822 2027 do
844 1965 919 2027 meat
937 1962 1046 2027 Kome
1061 1962 1161 2050 Hory,
1179 1962 1357 2052 Budijooa'c

57 2100 77 2139 a
99 2075 222 2158 Piskrc;
250 2074 347 2139 tolilco
370 2074 475 2138 drabo
497 2075 571 2139 uiua
599 2068 720 2139 thokd
739 2097 761 2137 o
775 2074 855 2159 jiud
875 2076 1096 2141 casanatae
1118 2078 1218 2143 toltoio
1238 2079 1355 2143 mima

646 2188 775 2272 oqy‘imd.

161 2361 300 2427 Kerolus
323 2366 455 2445 quartus
478 2361 588 2426 diuina
609 2359 739 2425 fauente
757 2360 933 2427 clemencia
945 2361 1161 2428 Romanorum
1183 2363 1357 2447 imperator

57 2494 185 2559 semper
206 2479 360 2556 augustus
383 2479 417 2540 et
436 2473 568 2538 Boemie
591 2491 656 2537 rex.
700 2471 819 2539 Notum
848 2472 984 2540 facimus
1013 2479 1125 2541 tenore
1154 2477 1356 2558 presencium

55 2587 227 2666 uniuersis,
251 2588 336 2669 quod
358 2586 560 2651 attendentes
575 2590 609 2650 et
623 2590 746 2651 attenta
764 2580 1024 2652 consideracione
1038 2593 1220 2670 pensantes,
1236 2595 1356 2670 quanta

56 2701 140 2765 bona
170 2701 343 2782 quantique
373 2698 494 2763 fructus
522 2697 635 2763 incolis
658 2703 691 2762 et
713 2697 980 2763 inhabitatoribus
1003 2700 1095 2781 regni
1117 2697 1258 2781 Boemie,
1282 2720 1355 2783 pre·

57 2814 201 2878 sentibus
225 2817 258 2876 et
279 2811 406 2890 sutorio,
431 2811 549 2876 uostris
571 2808 730 2889 fidelibus,
754 2829 793 2874 ex
815 2810 980 2876 vinearum
1008 2811 1142 2893 cultura,
1166 2832 1228 2895 que
1250 2831 1358 2897 sump-

56 2927 158 2990 tuosis
183 2925 216 2990 iu
239 2925 307 3006 ipso
331 2942 429 3004 regno
452 2922 615 2989 laboribus
631 2924 858 3003 instaurantur,
883 2924 1032 2988 continue
1053 2925 1192 2990 suboriri
1207 2931 1358 3008 poterunt

56 3046 86 3102 et
115 3036 293 3102 salubrium
314 3037 488 3101 utilitatum
515 3036 679 3100 commoda
700 3035 865 3117 perpetuis
888 3033 1016 3101 inantea
1038 3037 1236 3117 temporibus
1258 3058 1354 3120 geue·

56 3151 128 3228 rari,
159 3147 368 3230 volentesque
398 3148 507 3230 plures
538 3154 663 3212 nostros
694 3152 727 3212 et
757 3148 858 3230 ipsius
888 3147 980 3229 regni
1010 3145 1122 3213 fideles
1149 3152 1181 3213 et
1210 3151 1355 3215 subditos

57 3264 93 3327 ad
110 3262 280 3328 colendum
295 3261 405 3325 vineas
429 3265 462 3325 et
484 3260 612 3325 easdem
634 3259 844 3324 laborandum
867 3258 998 3324 allicere
1020 3277 1058 3323 ac
1080 3259 1123 3324 ad
1145 3279 1355 3343 expensarum

57 3376 193 3457 desuper
222 3373 454 3455 impensionem
483 3372 694 3437 voluntariam
724 3371 936 3452 singularium
966 3371 1176 3453 quarumdam
1204 3391 1355 3454 preroga·

57 3489 193 3553 tiuarum
217 3486 332 3568 graciis
355 3503 540 3567 prouocare,
564 3484 669 3549 animo
697 3482 885 3563 deliberato,
909 3501 973 3548 non
989 3501 1047 3565 per
1061 3501 1203 3548 errorem
1219 3489 1275 3548 aut
1297 3484 1355 3548 im·
1477 3492 1481 3501 “

57 3601 198 3679 prouida,
216 3598 273 3663 sed
292 3616 369 3663 sano
385 3598 574 3679 principum,
591 3598 746 3662 baronum
761 3600 795 3659 et
808 3613 986 3676 procerum,
1002 3600 1185 3659 nostrorum
1200 3594 1353 3675 fidelium,

57 3713 247 3778 accendente
271 3710 403 3775 consilio
435 3709 636 3774 decernimus
658 3711 692 3771 et
711 3712 823 3772 tenore
850 3706 1052 3788 presencium
1074 3706 1114 3771 de
1138 3711 1225 3772 certa
1246 3712 1356 3772 nostra

56 3824 202 3902 sciencia,
225 3824 314 3904 regio
329 3823 460 3887 Boemie
476 3826 629 3904 perpetuo
645 3819 782 3885 valituro
803 3818 972 3885 statuimus
987 3823 1021 3884 et
1035 3818 1223 3884 mandamus
1238 3818 1353 3898 edicto,

26 3922 32 3933 ’
55 3938 136 4017 quod
160 3936 254 4001 aunis
277 3934 414 4016 siugulis
437 3933 618 4015 incipiendo
640 3932 871 3998 vindemiarum
894 3935 1039 4012 tempore
1061 3949 1163 4013 usque
1182 3931 1223 3995 ad
1236 3930 1353 3996 festum

53 4043 163 4114 lancee
201 4047 370 4112 saluatoris
407 4047 556 4112 continue
594 4044 793 4126 subsequens
831 4040 921 4107 nulla
956 4041 1085 4123 penitus
1125 4043 1352 4127 cuiuscumque

52 4168 165 4237 statue,
198 4159 393 4224 condicionis
417 4158 487 4221 siue
510 4157 675 4238 dignitatis
696 4173 843 4239 persona,
867 4153 1086 4221 ecclesiastica
1109 4155 1162 4221 uel
1185 4156 1350 4238 secularis,

52 4274 126 4338 vina
148 4290 337 4355 quecunque
359 4269 500 4352 Vngarie
522 4268 681 4348 videlicet,
704 4267 844 4347 Austrie,
871 4265 1025 4346 Morauie,
1058 4267 1245 4351 Franconie,
1268 4267 1353 4335 Swe-

56 4386 117 4461 uie,
139 4383 266 4448 Alsecie
288 4390 320 4448 et
341 4383 424 4447 Reui
447 4400 484 4447 ec
507 4381 642 4446 aliarum
664 4386 821 4445 terrarum
851 4384 940 4444 extra
962 4395 1096 4462 regnum
1119 4379 1251 4447 Boemie
1273 4383 1353 4448 situ·

57 4498 186 4575 atamm,
206 4495 436 4575 Wematschia‚
460 4493 628 4573 Maluasia‚
651 4492 814 4572 Romania,
837 4489 1002 4572 Posonico,
1027 4490 1156 4561 Riuolio
1178 4499 1212 4561 et
1232 4493 1352 4561 talibus
