3090 5370
198 343 262 407 248
814 338 889 386 rrae.

198 548 375 629 dispendio,
400 545 529 609 lionoris
553 550 586 606 et
609 541 789 623 sigillorum
805 559 935 606 suorum
954 557 1085 620 memor,
1109 540 1240 620 exciuit,
1264 544 1301 604 ut
1323 547 1493 607 extremum

198 665 248 727 sit.
274 668 395 723 tanturn
420 658 599 722 debitorum
626 673 856 737 usurarumque
873 655 1093 719 damnatarum
1116 655 1299 719 excreuisse
1322 673 1494 732 numerum,

198 774 282 856 quod
305 772 407 849 bonis,
439 788 501 853 que
524 769 658 834 anobis
688 765 758 858 et⁸)
788 767 1069 849 predecessoribus
1099 767 1218 832 uostris
1240 766 1419 848 possident,
1448 767 1494 830 vir

199 886 323 950 reluere
339 882 473 966 possint.
496 878 611 962 Huic⁰)
628 881 727 961 igitur
748 886 901 963 tantoque
916 880 1055 945 ciuitatis
1071 880 1156 944 dicte
1178 879 1263 945 malo
1285 878 1391 960 regali
1413 879 1495 944 beni·

164 1065 169 1075 ,
198 999 319 1078 prritate
342 999 556 1073 occurrentes,
587 993 777 1058 auctoritate
800 993 890 1075 regia
912 1011 1021 1058 omnes
1044 999 1077 1059 et
1103 993 1247 1074 singulas
1270 991 1493 1071 obligaciones,

198 1109 438 1191 inscripciones,
461 1106 587 1170 litteras
611 1125 668 1170 seu
692 1107 905 1170 instrumenta
927 1125 1024 1187 super
1046 1106 1288 1189 quibuscunque
1304 1105 1426 1170 debitis
1447 1110 1497 1169 aut

197 1224 376 1287 debitorum
406 1219 511 1283 vsuris
542 1225 575 1283 et
605 1237 773 1283 usurarum
803 1220 908 1283 usuris
938 1238 996 1300 per
1027 1219 1157 1284 eosdem
1186 1220 1274 1283 ciues
1297 1218 1358 1283 sub
1383 1218 1494 1283 instru-

198 1340 377 1399 mentorum
407 1338 440 1397 et
470 1330 649 1412 sigillorum
680 1332 764 1396 dicte
798 1331 939 1396 ciuitatis
962 1330 1024 1396 fide
1047 1331 1106 1396 sub
1131 1331 1376 1415 quibuscunque
1399 1331 1495 1413 penis,

117 1433 120 1441 ¹
198 1445 461 1526 obligacionibus,
485 1445 720 1523 exaccionibus,
744 1444 1068 1525 impigneracionibus
1083 1462 1141 1510 seu
1157 1444 1372 1526 repressaliiS,
1396 1443 1496 1509 usuris

198 1568 231 1624 et
253 1558 379 1640 quesita
408 1562 477 1621 arte
507 1555 573 1637 doli
603 1562 659 1621 aut
689 1558 856 1640 quibusuis
879 1557 1104 1622 exaccionibus
1127 1562 1306 1638 conceptas,
1337 1557 1495 1635 formatas,

198 1672 288 1735 datas
312 1677 344 1733 et
367 1670 547 1751 inscriptas,
571 1670 814 1752 quibuscunque
832 1670 979 1752 personis
994 1669 1222 1734 ecclesiasticis
1245 1676 1278 1734 et
1300 1670 1496 1735 secularibus

198 1782 308 1861 factas,
339 1782 451 1846 eadem
480 1787 570 1863 peste
602 1781 820 1863 corrupcionis
842 1788 876 1846 et
897 1788 1037 1847 extreme
1062 1782 1202 1846 ciuitatis
1225 1786 1335 1847 nostre
1358 1783 1496 1848 destruc-

200 1896 299 1959 cionis
329 1893 521 1973 laborantes,
552 1895 702 1976 quoniam
733 1895 854 1976 absque
880 1896 1142 1977 predecessorum
1165 1900 1358 1973 nostrorum,
1390 1913 1498 1976 regum

199 2014 232 2072 et
252 2007 432 2089 principum
455 2008 644 2071 auctoritate
663 2013 697 2072 et
711 2025 867 2073 consensu
883 2012 1114 2073 emanauerunt
1128 2014 1161 2073 et
1176 2008 1229 2072 ria
1243 2007 1323 2072 iuris
1339 2007 1500 2073 ordinaria

200 2138 402 2202 nequaquam
417 2118 590 2200 procedere
605 2123 662 2184 aut
676 2119 799 2202 aliquid
813 2119 920 2184 valere
935 2125 1079 2201 possunt,
1095 2125 1151 2183 aut
1164 2137 1303 2202 mquam
1318 2125 1499 2201 potuamnt,

200 2241 353 2315 tanquam
364 2232 404 2296 ab
416 2231 492 2312 illis,
510 2250 590 2314 quos
607 2233 641 2295 in
656 2250 755 2313 graue
772 2233 974 2314 dispendium
991 2250 1115 2296 camere
1131 2238 1165 2296 et
1178 2231 1247 2296 fisci
1262 2233 1366 2297 nostri
1383 2231 1500 2314 regalis

200 2345 294 2409 buius
318 2345 426 2410 debita
456 2345 624 2426 concipere
646 2343 736 2408 nulla
758 2344 838 2409 iuris
860 2345 947 2409 racio
969 2343 1135 2426 permittit,
1167 2344 1321 2424 tollimus,
1344 2344 1500 2420 leuamus,

200 2457 404 2536 destruimus,
428 2456 601 2536 irritamus,
626 2475 789 2522 cassamus
804 2462 837 2521 et
852 2456 1065 2535 annullamus,
1082 2476 1173 2537 vana,
1190 2474 1291 2537 cassa,
1307 2457 1413 2537 irrita,
1428 2457 1500 2522 sub·

200 2570 274 2648 lata,
298 2570 415 2648 leuata,
434 2569 601 2635 destructa
623 2576 655 2634 et
677 2569 767 2634 nulla
782 2571 911 2635 omnino
927 2571 1186 2652 pronunciamus,
1209 2570 1422 2635 decernentes
1443 2571 1500 2634 bec

200 2679 280 2754 et¹⁰l
305 2682 412 2746 omnia
435 2683 601 2763 superiora
623 2681 747 2747 nullum
763 2682 825 2765 ius,
847 2684 946 2748 robur
959 2688 1016 2747 aut
1030 2681 1170 2764 aliquam
1185 2681 1346 2747 firmitatis
1362 2683 1498 2766 speciem

199 2794 397 2876 temporibus
420 2795 584 2876 perpetuis
615 2795 759 2861 obtinere
790 2813 887 2878 super
913 2795 976 2860 hiis
1000 2796 1147 2861 omuibus
1170 2794 1377 2860 censualibus
1401 2795 1500 2861 credi·

199 2907 333 2987 toribus,
356 2907 588 2989 principalibus
611 2914 644 2973 et
665 2907 874 2987 secundariis,
897 2914 954 2973 aut
975 2908 1155 2991 quicunque
1178 2907 1274 2972 buius
1297 2925 1333 2972 se
1356 2909 1409 2972 ius
1431 2926 1500 2989 pre-

199 3019 332 3084 tendunt
363 3018 491 3099 babere,
522 3018 691 3084 silencium
719 3025 873 3101 perpetue
896 3019 1096 3101 imponentes
1120 3019 1152 3083 in
1176 3037 1291 3084 census
1317 3018 1499 3084 huiusmodi

201 3136 235 3195 et
256 3130 365 3195 debita
387 3149 569 3212 regressum
592 3130 680 3196 nulla
701 3131 781 3196 iuris
803 3131 857 3196 ria
877 3149 973 3212 posse
996 3133 1125 3198 habere.
1148 3131 1354 3197 Absoluimus
1370 3133 1502 3215 insuper

200 3260 311 3307 omnes
327 3248 360 3307 et
374 3242 518 3324 singulos
534 3243 632 3323 ciues,
655 3243 785 3326 quittos,
806 3243 925 3310 liberos
947 3252 981 3310 et
1003 3244 1166 3310 absolutos
1189 3245 1440 3327 pronunciamus
1461 3243 1501 3310 ab

201 3352 348 3419 omnibus
371 3361 404 3419 et
425 3354 562 3436 singulis
591 3355 724 3437 prelatis
754 3357 913 3435 censibus,
946 3356 1074 3436 debitis,
1096 3357 1212 3436 usuris,
1235 3356 1354 3422 litteris
1377 3363 1411 3422 et
1432 3356 1501 3440 qui·

201 3468 388 3548 buscunque
419 3465 691 3548 obligacionibus,
722 3486 781 3533 nec
810 3486 868 3549 per
897 3467 967 3548 hoc,
999 3468 1084 3551 quod
1114 3468 1223 3550 sigilla
1252 3468 1395 3534 ciuitatis
1418 3467 1500 3552 apud

201 3580 375 3645 creditores
397 3578 545 3658 habeant,
575 3578 649 3644 fidei
679 3578 833 3646 fractores
855 3587 911 3645 aut
933 3580 1018 3646 lama
1039 3579 1125 3647 lesos
1149 3599 1220 3647 esse
1244 3581 1448 3648 decernimus
1469 3587 1502 3646 et

200 3692 385 3771 diffinimus,
409 3691 487 3774 quin
502 3711 575 3775 ymo
591 3711 703 3758 omnes
725 3693 858 3759 huiusce
875 3693 1110 3775 obligacionum
1126 3694 1250 3759 litteras
1265 3694 1305 3759 de
1320 3694 1406 3760 facto
1424 3693 1501 3760 fiseo

200 3805 340 3869 ciuitatis
363 3803 578 3870 restituendas
600 3805 858 3887 pronunciamus.
903 3806 992 3871 Nulli
1014 3825 1091 3888 ergo
1114 3805 1278 3871 hominum
1300 3805 1400 3873 liceat
1420 3807 1504 3873 hanc

200 3917 349 3998 paginam
379 3923 561 3982 nostrarum
591 3918 795 3999 donacionis,
829 3918 1023 3998 leuacionis,
1054 3918 1265 3997 irritaciouis,
1296 3920 1503 4000 cassaciouis,

200 4029 319 4095 decreti
342 4034 376 4094 et
399 4028 604 4096 inhibicionis
619 4028 789 4111 peueue¹¹l
806 4030 980 4113 infringere
1002 4031 1055 4097 uel
1078 4032 1109 4096 ei
1131 4050 1211 4096 ausu
1235 4032 1406 4098 temerario
1430 4051 1505 4098 con·

199 4140 308 4206 traire.
354 4139 387 4205 Si
410 4142 482 4224 quis
505 4149 611 4208 autem
638 4142 718 4206 illud
741 4140 951 4216 attentare¹²l
975 4145 1215 4225 presumpserit,
1246 4144 1505 4226 indignacionem

201 4256 344 4315 nostram
358 4254 582 4332 grauissimam
604 4259 637 4319 et
658 4260 779 4320 tantam
795 4274 951 4321 summam
973 4257 1044 4321 auri
1066 4256 1120 4322 uel
1143 4256 1268 4338 argenti
1290 4261 1347 4320 aut
1366 4258 1507 4340 pecunie

201 4367 383 4443 numerate,
418 4372 569 4447 quantam
601 4366 729 4433 nomine
759 4369 916 4449 accionis,
951 4388 1046 4451 quam
1075 4369 1261 4449 intentabit,
1297 4369 1506 4436 medietatem

200 4473 271 4538 eius
293 4473 371 4538 fisco
394 4481 503 4541 nostro
533 4479 635 4561 regali
658 4485 691 4545 et
712 4480 915 4546 medietatem
946 4480 1031 4547 dicte
1061 4481 1185 4546 ciuitati
1215 4481 1439 4563 applicandam
1471 4501 1509 4548 se
