3068 5160
690 110 764 158 raso.
1194 153 1204 179 ,
1333 108 1376 171 35

70 311 154 376 ciam
185 315 220 376 et
250 329 314 376 non
343 309 422 375 alibi
452 316 599 391 repetant
628 311 758 376 inantea
788 311 859 376 iura
889 327 964 391 sua;
994 311 1183 377 mandantes
1211 320 1245 379 et
1273 314 1376 396 preci·

71 423 199 505 pientes
213 472 221 490 .
234 472 242 489 .
255 422 441 505 capitaneis,
455 471 463 486 .
478 471 486 488 .
499 422 692 502 camerariis,
707 473 715 489 .
728 472 736 489 .
749 421 889 488 audonis
912 427 946 488 et
966 420 1180 488 beneficiariis
1196 425 1375 509 ceterisque

75 534 224 601 officiatis
253 534 372 599 nostrb
403 551 461 616 per
483 533 657 614 Boemiam,
688 534 744 616 qui
775 553 832 617 pro
861 540 1005 615 tempore
1027 533 1155 615 fuerint,
1187 534 1322 601 firmiter
1344 542 1377 603 et

76 664 235 730 expresse,
266 665 306 711 ne
330 651 440 711 contra
462 645 678 728 enempcionis
708 651 816 711 nostre
846 645 1031 711 huiusmodi
1062 646 1202 728 graciam
1225 645 1265 713 de
1288 655 1376 715 certa

79 765 184 824 noshs
198 759 339 825 sciencia
353 759 433 840 ipsis
448 757 565 824 lacum
589 758 755 823 ciuitatum
776 758 992 840 predictarum
1015 758 1103 824 ciues
1125 766 1312 840 presumant
1334 761 1374 826 de

82 876 180 936 cetero
194 871 325 937 turbare
341 871 374 935 in
390 870 497 953 aliquo
514 888 572 935 seu
588 888 733 951 manare.
755 869 794 935 In
809 869 900 934 cuius
916 870 963 935 rei
974 870 1194 936 testimonium
1208 878 1374 953 presentes

84 982 185 1048 literas
207 981 278 1048 fieri
300 989 333 1049 et
355 982 462 1064 sigillo
485 987 595 1048 nostro
617 981 751 1048 fecimus
774 981 973 1049 communiri.
1007 983 1126 1048 Datum
1148 983 1182 1047 in
1204 981 1372 1066 Landaw⁸)

85 1112 157 1160 anno
180 1095 301 1160 domini
325 1094 496 1160 millesimo
519 1094 744 1160 herentesimo
766 1094 929 1159 tricesimo
952 1094 985 1160 in
1008 1094 1060 1160 die
1082 1093 1329 1176 penthecostes'

176 1230 271 1285 Kniha
286 1229 491 1286 Staromdstsha
508 1231 555 1298 (Α)
574 1229 611 1285 od
627 1246 649 1285 r.
664 1237 730 1284 1310
748 1232 772 1285 d.
790 1235 842 1284 986
860 1237 908 1286 atr.
927 1237 961 1286 bo
979 1246 997 1285 a
1014 1230 1084 1284 liber
1100 1230 1304 1287 vetustissimus
1322 1232 1367 1300 (B)

87 1329 166 1381 dtas
185 1332 234 1380 str.
252 1331 286 1379 ct
304 1342 321 1377 v
339 1324 451 1380 archien
474 1342 509 1381 m.
532 1324 631 1394 Prahy.
649 1324 726 1379 -V
749 1325 916 1395 rnhopiaach
930 1325 997 1394 jaon
1018 1331 1076 1395 tyto
1098 1325 1236 1395 varianty:
1262 1329 1282 1392 ¹)
1306 1327 1372 1382 ciui·

87 1427 159 1475 tatum
177 1421 209 1476 B.
230 1422 251 1488 ι)
270 1419 340 1475 foret
357 1419 388 1475 B.
413 1418 436 1487 ⁸)
456 1420 543 1475 altero
560 1421 593 1475 rb
619 1421 643 1488 ⁴)
660 1425 790 1490 poterunt
806 1421 839 1475 Δ.
865 1421 887 1487 ¹)
905 1418 1026 1474 Landow
1043 1420 1074 1475 B.
1110 1419 1173 1475 hist
1189 1427 1236 1476 ten
1253 1420 1371 1491 potvrdil

88 1517 146 1570 daal
162 1514 293 1585 Sigmnnd
316 1532 333 1567 v
349 1515 436 1570 Praae
460 1522 502 1570 ab.
521 1530 604 1584 srpna
624 1520 699 1570 1436.
744 1497 835 1584 bechi
861 1513 979 1585 piollad
1001 1514 1067 1583 jeho
1092 1515 1187 1571 naleat
1210 1531 1240 1572 se
1258 1534 1274 1570 r
1292 1517 1373 1573 liniae

90 1609 177 1675 ,Prin
194 1609 331 1666 rozlidnd“
351 1629 366 1664 a
384 1610 443 1665 XV.
462 1610 555 1664 stolati
572 1616 621 1666 atr.
639 1615 673 1665 bo
691 1627 708 1663 r
727 1609 870 1664 biblioteca
888 1608 1012 1679 kapitoly
1029 1609 1232 1679 Vylehrcdalrd.

626 1765 731 1850 *bs
757 1784 807 1850 18.

432 1920 537 1990 1380.
570 1919 627 1989 2⁷.
648 1921 802 1989 lrvdtna
837 1919 1025 1990 bandora

11 2126 17 2135 ,
92 2056 158 2124 Μ
171 2058 239 2124 Jan
254 2059 342 2123 davd
355 2057 511 2123 Mensae
525 2058 624 2122 rodata
637 2057 826 2122 Pemtdmo
837 2060 941 2142 prdvo
956 2057 1075 2133 necve,
1099 2058 1154 2122 raa
1172 2057 1234 2145 uby
1248 2083 1267 2122 υ
1277 2059 1373 2144 jedna

10 2240 17 2249 ,
93 2170 147 2234 otti
166 2171 265 2237 kolem
287 2174 384 2235 mesta
406 2195 425 2234 u
446 2169 547 2235 Ξάώώ
564 2169 680 2235 caedi
700 2169 807 2234 lordono
831 2170 1020 2234 wrdletise
1040 2170 1177 2235 manda
1198 2194 1219 2235 a
1241 2170 1303 2257 aby
1324 2177 1370 2235 rie·

93 2284 220 2364 motai,
239 2283 325 2368 palad
339 2283 487 2348 braaama'
506 2286 602 2348 mesta
617 2281 743 2368 tydltes
765 2285 933 2367 ambddzay
948 2280 1041 2347 berrue
1056 2306 1079 2348 α
1092 2283 1249 2370 perndoky
1270 2283 1291 2346 k
1307 2283 1375 2349 obcc’

556 2397 651 2479 trpdta'
667 2390 804 2480 paciani
824 2394 898 2480 byli.

15 2632 19 2637 ι
176 2553 244 2620 Nos
267 2552 430 2618 lohannes
460 2552 513 2617 dei
536 2553 644 2634 gracia
665 2552 796 2617 Boemie
822 2558 856 2617 et
877 2552 1010 2618 Polonie
1039 2573 1096 2619 rex
1119 2573 1157 2619 ac
1177 2555 1372 2639 Lucembur-

93 2666 181 2741 gensis
204 2683 322 2732 comes.
355 2665 406 2731 Ad
427 2663 650 2730 vniuersorum
672 2665 824 2730 noticiam
845 2670 911 2730 tam
934 2666 1146 2749 presencium,
1169 2686 1265 2752 quam
1287 2668 1372 2734 batu-

10 2774 19 2781 '
92 2790 180 2842 rorum
194 2784 307 2843 tenore
322 2776 524 2859 presencium
540 2777 684 2858 cupimus
699 2777 861 2857 denenire,
878 2778 964 2860 quod
979 2776 1164 2845 affectantes
1180 2781 1371 2846 dilectorum

10 2870 23 2913 ³
44 2894 48 2899 '
91 2889 166 2954 nobis
178 2939 185 2956 .
199 2940 207 2957 .
221 2891 340 2954 ciuium
361 2887 497 2955 Minoris
520 2888 660 2954 ciuitatis
680 2896 789 2955 nostre
814 2890 995 2972 Pragensis,
1018 2897 1053 2956 vt
1076 2892 1277 2959 uberioribus
1294 2911 1371 2976 aug-

10 2984 22 3015 ⁵'
91 3003 189 3067 nentis
215 3002 392 3082 intendere,
415 3002 560 3083 graciose
582 3001 728 3067 volumus
751 3008 784 3067 et
807 3004 975 3069 statuendo
999 3003 1194 3085 ordinamus,
1222 3006 1307 3088 quod
1330 3007 1370 3072 de

10 3096 13 3103 ¹
90 3111 203 3179 anias
227 3115 298 3196 ipsa
320 3114 361 3178 ad
383 3113 476 3179 vnius
506 3112 641 3178 miliaris
671 3114 814 3195 spacium
837 3114 926 3180 nulla
947 3117 1081 3182 taberna
1106 3116 1140 3180 in
1162 3116 1272 3200 aliqua
1293 3118 1371 3183 villa

89 3220 184 3290 baberi
207 3227 322 3291 debeat
336 3225 390 3289 nel
405 3225 539 3305 seruari,
562 3226 711 3309 quodque
727 3243 837 3291 omnes
853 3226 983 3310 opifices
1000 3228 1069 3293 siue
1085 3228 1263 3294 mechanici
1286 3229 1371 3295 fores

88 3335 237 3403 ciuitatem
266 3338 458 3417 habitantes,
489 3355 759 3420 quorumcumque
790 3338 856 3403 sint
877 3340 1007 3421 subditi,
1038 3358 1137 3406 onera
1158 3341 1229 3406 siue
1252 3342 1371 3407 contri·

86 3445 226 3515 buciones
249 3468 307 3514 seu
331 3449 481 3514 collectas
504 3468 709 3534 quascunque
733 3469 805 3515 cum
828 3451 906 3533 ipsis
928 3452 1052 3517 ciuibus
1074 3452 1271 3534 perterreat
1294 3472 1368 3519 con·

83 3562 213 3628 tribuere
242 3563 381 3628 debeant
402 3568 435 3627 et
456 3563 559 3628 eciam
588 3568 767 3643 teneantur,
797 3570 831 3629 et
853 3564 881 3628 si
904 3564 937 3629 in
969 3564 1029 3630 hoc
1059 3565 1123 3647 ipsi
1154 3563 1283 3647 opifices
1315 3564 1368 3630 uel

10 3730 20 3761 ,
81 3675 249 3740 mechanici
271 3676 446 3740 renitentes
469 3674 573 3740 forent
594 3680 649 3740 aut
671 3676 817 3756 rebelles,
849 3676 974 3742 ciuibus
997 3677 1086 3759 ipsis,
1108 3682 1144 3741 vt
1165 3693 1222 3740 eos
1245 3677 1369 3743 adhoc

9 3784 12 3793 '
78 3794 178 3852 artent
198 3792 233 3853 et
254 3787 414 3866 tabernas,
438 3806 500 3871 que
524 3793 634 3852 contra
654 3794 796 3853 nostram
818 3795 999 3870 presentem
1023 3787 1251 3854 inhibicionem
1273 3787 1370 3855 habe·

76 3907 183 3965 rentur
195 3898 341 3980 forsitan,
365 3899 531 3964 destruant
546 3904 788 3981 etremoueant,
812 3901 924 3966 damus
943 3899 1147 3983 presentibus
1169 3904 1371 3982 potestatem.

71 4011 109 4077 ln
131 4013 225 4078 cuius
248 4012 295 4075 rei
317 4011 537 4076 testimonium
559 4017 723 4093 presentes
746 4010 872 4078 litteras
893 4011 963 4078 fieri
986 4019 1019 4078 et
1040 4012 1147 4094 sigillo
1171 4018 1280 4078 nostro
1304 4014 1370 4080 ius-

70 4126 174 4190 simus
197 4124 397 4190 communiri.
435 4123 555 4189 Datum
578 4124 610 4188 in
633 4124 772 4189 Landow
794 4143 876 4190 anno
900 4124 1022 4191 domini
1054 4123 1225 4190 millesimo
1247 4131 1372 4193 trecen·

67 4240 189 4304 tesimo
212 4236 376 4303 tricesimo
400 4237 434 4301 in
457 4238 509 4302 die
532 4236 765 4319 penthecostes.

1184 4367 1216 4422 3*
