3068 5160
729 382 803 432 saar.
1031 438 1034 447 ὁ
1306 358 1307 362 ’
1354 383 1415 447 105

108 601 245 646 uearum
269 582 436 648 ciuitatum
462 582 647 648 confirmare
663 585 793 650 minime
809 584 986 664 consueuit,
1010 587 1247 669 nonobstante,
1272 589 1415 655 commit·

111 700 229 774 tentes,
252 701 290 760 ut
312 713 446 777 presens
469 701 579 761 nostra
601 696 803 762 confirmacio
826 704 860 763 et
880 698 1038 764 exhibicio
1055 698 1199 764 eiusdem
1215 699 1333 783 ubique
1356 721 1413 783 pro

113 806 287 872 sufficienti
305 807 461 873 habeatur
477 810 665 875 decumento
689 810 857 893 eidemque
872 810 1056 877 tantalides
1071 811 1186 876 debeat
1200 811 1234 876 in
1249 812 1329 878 locis
1349 814 1414 879 sin·

112 919 195 997 gulis
226 921 383 1000 adhiberi,
417 922 483 986 acsi
514 922 657 1003 predicte
679 923 852 1005 originales
875 922 983 989 littere
1004 923 1107 1006 ipsius
1128 924 1229 1006 patris
1256 926 1358 991 nostri
1381 927 1412 990 in

98 1034 102 1038 '
115 1033 220 1112 specie
232 1033 461 1099 exhiberentur
475 1053 533 1115 per
545 1027 739 1100 mercatores
754 1036 943 1102 antedictos.
957 1034 1025 1101 Nec
1039 1035 1157 1119 aliquis
1171 1037 1413 1104 tributariorum

118 1144 196 1208 ultra
218 1146 439 1210 moderamina
461 1147 605 1228 predicta
628 1149 661 1212 in
684 1147 763 1230 ipsis
785 1147 903 1212 litteris
924 1147 1025 1229 patris
1040 1148 1142 1213 nostri
1157 1166 1308 1232 expressa
1323 1168 1412 1215 occa·

121 1257 202 1322 sione
223 1258 338 1323 tributi
360 1259 491 1324 eosdem
513 1260 682 1341 angariare
704 1259 758 1325 uel
777 1277 911 1325 munera
933 1264 988 1325 aut
1009 1260 1147 1326 honores
1162 1260 1288 1344 aliquos
1303 1266 1412 1343 petere

123 1369 181 1433 siue
202 1371 346 1452 recipere
378 1368 594 1453 presumat¹⁷l
619 1372 660 1437 ab
682 1372 814 1438 eisdem.
859 1369 1015 1437 Volumus
1037 1371 1264 1438 nichilominus
1286 1378 1320 1438 et
1340 1391 1412 1454 pre-

126 1483 252 1548 sancium
276 1486 361 1549 serie
386 1485 623 1566 committimus,
647 1491 684 1551 ut
705 1485 841 1567 predicti
860 1488 1054 1549 mercatores
1069 1484 1247 1567 Progenses
1269 1490 1303 1549 et
1316 1483 1410 1549 Nuri-

127 1591 285 1676 burgenses
308 1597 488 1662 tricesimas
511 1601 638 1663 nostras
653 1615 746 1682 veras
758 1595 803 1662 'et
824 1597 865 1662 ab
882 1596 1014 1679 antiquo
1030 1597 1099 1662 dari
1116 1602 1295 1677 consuetas,
1317 1602 1413 1679 prout

129 1704 170 1771 ulii
183 1714 373 1774 mercatores
389 1710 491 1774 nostri
507 1711 598 1791 regni
612 1711 810 1791 persoluunt,
834 1709 881 1776 sio
899 1715 933 1774 et
946 1709 1009 1792 ipsi
1024 1708 1209 1791 persoluere
1226 1714 1408 1774 teneantur.

97 1800 102 1875 ,¹
131 1815 162 1882 Et
178 1826 210 1884 ut
229 1840 362 1903 presens
385 1827 495 1886 nostra
518 1823 686 1888 innouacio
709 1829 743 1889 et
765 1821 967 1889 confirmacio
983 1821 1082 1886 robur
1096 1821 1241 1888 obtineat
1257 1827 1412 1903 perpetue

133 1928 278 2012 imitatis,
314 1954 373 1998 nec
402 1952 461 2016 per
491 1935 673 2017 quempiam
703 1953 855 2000 successu
885 1940 1065 2016 temporum
1087 1933 1194 1999 valeat
1220 1934 1254 1998 in
1285 1934 1411 1999 irritum

134 2049 264 2126 reuocari,
295 2053 462 2128 presentes
490 2049 706 2113 concessimus
729 2047 854 2113 litteras
877 2051 1003 2124 nostras
1026 2030 1247 2128 priuilegioles
1272 2046 1411 2128 duplicis

133 2160 156 2217 et
171 2160 315 2224 autemici
337 2160 437 2241 sigilli
460 2161 562 2225 nostri
585 2160 760 2225 munimine
776 2160 952 2227 roboratas.
974 2161 1094 2225 Datum
1109 2177 1167 2242 per
1182 2176 1295 2224 manus
1314 2177 1409 2224 vene-

133 2267 218 2336 rabilis
241 2274 275 2336 in
299 2269 403 2338 Crista
426 2273 527 2354 patris
557 2272 679 2338 domini
700 2271 826 2338 Nicolai
852 2271 1085 2354 archiepiscopi
1108 2269 1304 2350 Colocensis,
1336 2270 1409 2334 aule

133 2387 216 2449 nostre
239 2384 424 2450 cancellarii
448 2385 558 2451 dilecti
580 2392 614 2451 et
635 2384 739 2450 fidelis
763 2385 873 2464 nostri,
900 2403 982 2450 anno
1005 2383 1127 2450 domini
1150 2382 1321 2448 millesimo
1344 2389 1409 2447 tre·

97 2480 99 2569 f
133 2498 299 2561 tentessimo
329 2498 594 2579 quinquagesimo
625 2498 771 2579 septime,
802 2503 916 2580 quarto
947 2496 1101 2563 kalendas
1130 2495 1284 2577 Augusti,
1317 2495 1409 2576 regni

132 2612 214 2673 auum
236 2610 340 2675 nostri
363 2628 446 2674 anno
469 2616 560 2675 sexto
583 2610 717 2689 decimo,
740 2608 978 2674 venerabilibus
1001 2609 1035 2674 in
1058 2605 1185 2672 Christo
1207 2606 1353 2688 patribus
1377 2613 1410 2671 et
1487 2701 1489 2705 Α

131 2714 244 2786 dominis
267 2721 401 2787 Nicolao
422 2721 644 2804 strigoniensi,
668 2722 793 2804 locique
809 2721 954 2787 eiusdem
968 2721 1083 2786 comite
1099 2725 1253 2802 perpetuo
1273 2723 1307 2784 et
1320 2717 1407 2801 Vgu·

131 2823 177 2894 lino
198 2827 378 2915 spalatensi
400 2835 659 2916 archiepiscopis,
683 2834 816 2900 Nicolao
832 2834 992 2916 Agriensi,
1015 2833 1180 2898 Demetrio
1206 2830 1407 2912 Varadiensi,

130 2935 275 3011 boninico
302 2947 453 3012 Albensis
488 2948 621 3012 ecclesie
651 2946 896 3025 Transsiluane,
932 2945 1064 3011 Nicolao
1096 2944 1243 3028 Quinque
1277 2945 1408 3010 ecclesi-

128 3058 253 3138 amm¹⁸),
269 3058 390 3124 Th0ma
406 3058 629 3136 Chanadiensi,
654 3058 814 3140 Stephano
834 3057 1051 3139 Zagrabiensi,
1067 3056 1214 3121 lohanne
1230 3055 1407 3138 Vesprimi·

128 3169 187 3247 usi,
202 3169 375 3235 Colomano
387 3170 408 3234 J
409 3172 560 3251 auriensi,
577 3171 734 3236 Michaele
745 3169 905 3247 vaciensi,
918 3171 1012 3234 Petro
1024 3165 1230 3249 Bonnensi¹⁹l
1244 3167 1405 3246 fratribus,

128 3270 265 3360 Stephano
288 3281 466 3362 Nicerensi,
489 3284 609 3348 Th0ma
632 3282 830 3366 Syrimiensi,
854 3281 1013 3363 episcopis
1033 3279 1186 3345 eeclesias
1202 3280 1255 3345 dei
1271 3278 1408 3343 feliciter

128 3390 373 3474 lubemantibus3
405 3395 582 3478 magnificis
612 3397 690 3460 viris
712 3393 845 3458 Nicolao
870 3390 1031 3471 ooncuw)
1062 3392 1204 3474 palatino
1235 3397 1268 3456 et
1298 3391 1406 3474 judice

128 3495 327 3586 Cumanorum,
343 3508 472 3572 Andrea
486 3508 645 3590 wopnroda
659 3506 896 3584 Transsiluano,
915 3504 1047 3570 Nicolao
1061 3505 1168 3587 judice
1184 3505 1271 3569 curie
1286 3509 1404 3580 nostre,

129 3606 284 3700 Sychon²¹l
315 3619 468 3700 magistro
500 3614 768 3696 tauaworum²²l,
798 3614 931 3681 Nicolao
962 3615 1097 3698 bano²³)
1128 3617 1168 3681 de
1199 3611 1404 3695 Machow²⁴),

128 3719 298 3795 Leustachio
314 3731 418 3794 tocius
431 3729 600 3794 Sclauonie
616 3729 789 3794 bannatum
800 3724 843 3810 ²⁸)
858 3717 997 3807 tenente,
1014 3728 1120 3793 Leuco
1132 3725 1174 3808 ²⁶)
1190 3725 1404 3808 dapiferorum

126 3841 148 3897 tt
173 3841 411 3921 pincernarum,
442 3841 598 3924 Dyonisio
632 3858 807 3922 agasonum
840 3829 1037 3918 nostrorum,
1071 3839 1191 3904 Thoma
1224 3837 1404 3903 Janitorum

125 3959 284 4017 nostrornm
308 3954 470 4034 magistris
494 3972 531 4017 ac
554 3952 682 4017 Simone
705 3952 771 4018 filio
795 3951 942 4016 Mauricii
967 3953 1081 4016 comite
1103 3950 1293 4016 Posoniensi
1316 3949 1404 4014 aliis-

122 4079 167 4140 oue
188 4085 282 4149 qnam
304 4064 452 4148 pluribus
475 4065 567 4147 regni
589 4065 689 4129 nostri
713 4064 882 4129 comitatus
904 4063 1087 4128 tenentibus
1110 4067 1144 4126 et
1165 4062 1312 4128 honores.

203 4245 348 4299 Obsaheno
366 4262 382 4297 r
401 4243 560 4298 honfirmaci
578 4244 655 4298 lrrotle
672 4242 832 4297 Vladislava
845 4243 890 4310 (d)
904 4241 929 4296 d.
948 4259 984 4296 na
1001 4240 1107 4295 Budtne
1127 4240 1400 4311 17.listopadu1491

111 4353 122 4386 ι·
135 4341 243 4395 archivo
263 4358 297 4394 m.
316 4338 406 4408 Prahy
425 4341 445 4409 1,
464 4342 486 4393 d.
506 4346 547 4393 26.
566 4339 667 4392 Krome
679 4337 839 4392 Vladislava
854 4336 982 4406 potvrdili
1000 4343 1060 4391 tuto
1078 4335 1195 4406 maudo:
1208 4335 1369 4391 'Ferdiuand
1382 4334 1402 4390 1.

103 4451 132 4489 ua
150 4435 236 4489 hrade
254 4434 405 4488 Pralslrem
424 4441 448 4489 4.
468 4434 593 4504 prosince
614 4438 695 4500 15583
712 4430 867 4493 Ferdiuand
886 4433 919 4486 11.
938 4449 969 4487 re
988 4431 1069 4486 vrdni
1088 4438 1112 4487 8.
1132 4432 1321 4498 dnbna16273
1339 4431 1403 4485 Fer·

99 4530 197 4586 dinand
216 4531 265 4585 111.
284 4546 301 4581 r
318 4528 479 4599 Prespurku
500 4536 539 4583 13.
559 4529 659 4582 krdtna
678 4533 759 4594 16493
777 4526 863 4580 Marie
881 4527 991 4583 Teresia
1009 4543 1041 4582 ve
1059 4526 1141 4581 Vidni
1160 4534 1200 4583 16.
1220 4529 1317 4582 terrna
1336 4531 1402 4580 1747
