3090 5370
196 347 238 406 :lo
808 346 882 395 rana.

195 554 357 630 sribiae-tis,
386 552 607 634 potestatione,
640 551 825 634 capitaneis,
848 551 987 630 viendis,
1019 551 1160 632 sindicis,
1191 553 1345 633 ancianis,
1369 553 1496 618 ciuibus

195 675 227 730 et
249 667 322 731 aliis
346 667 598 748 quibuscumque
615 665 648 729 in
663 669 774 730 nostra
787 663 974 730 Tridentino
990 664 1119 746 dyocesi
1142 666 1333 745 constitutis,
1357 667 1398 731 ad
1414 686 1496 748 qnos

194 785 360 861 presentes
382 778 598 861 peruenerint,
620 776 758 843 salutem
779 781 813 843 et
834 776 992 843 sinceram
1015 778 1047 842 in
1071 778 1199 842 domino
1219 779 1395 844 caritatem.
1418 778 1496 844 Vni-

195 891 342 957 nersitati
363 896 397 956 et
418 888 634 973 singularitati
648 894 755 955 vestre
770 894 882 955 tenore
899 891 1102 971 presencium
1123 889 1257 955 facimus
1280 891 1496 970 manifestum,

196 1005 282 1087 quod
314 1021 374 1070 nos
404 1003 552 1070 omnibus
581 1009 615 1069 et
644 1001 780 1084 singulis
811 1001 1003 1083 hominibus,
1035 1003 1264 1084 cuiuscumque
1286 1005 1497 1084 condicionis,

196 1121 298 1182 status
324 1121 384 1182 aut
404 1115 640 1199 preeminencie
670 1113 818 1194 existant,
841 1132 1012 1195 regnorum
1034 1115 1176 1195 Boemie,
1207 1115 1339 1181 Polonie
1365 1136 1404 1181 ac
1425 1117 1497 1182 Mo·

196 1230 285 1294 ranie
315 1248 373 1311 per
401 1234 528 1295 nostros
558 1227 738 1292 districtum
760 1232 793 1291 et
815 1227 990 1291 dominium
1013 1227 1047 1292 in
1070 1227 1150 1292 locis
1180 1228 1272 1293 nobis
1295 1229 1434 1294 subditis
1464 1235 1498 1294 et

196 1342 348 1408 subiectis
379 1342 584 1407 securitatem
612 1345 792 1423 prestamus
821 1357 942 1421 eosque
966 1341 1127 1406 cumanis
1151 1341 1367 1406 mercimoniis
1398 1347 1497 1423 atque

195 1455 290 1519 robus
307 1454 465 1535 veniendi,
489 1453 595 1520 standi
618 1457 652 1519 et
673 1453 830 1519 redeundi
851 1453 1030 1535 recepimus
1046 1453 1080 1520 in
1094 1460 1237 1520 nostram
1257 1455 1497 1536 proteccionenr

195 1574 228 1632 et
251 1569 450 1633 conductum.
496 1565 601 1644 Quare
623 1565 865 1632 uniuersitatem
889 1571 923 1631 et
945 1566 1201 1648 singularitatem
1231 1572 1370 1633 vestram
1401 1567 1497 1633 affec·

196 1687 288 1746 tuoss
309 1679 504 1762 requirimus
526 1684 559 1744 et
580 1696 737 1761 rogamus>
752 1677 980 1744 nichilominus
1003 1679 1147 1745 districte
1174 1680 1266 1745 nobis
1288 1680 1496 1762 precipiendo

197 1794 393 1873 mandantes,
424 1797 582 1876 quatenus
612 1792 756 1857 homines
787 1792 828 1857 de
858 1793 966 1874 regnis
988 1792 1119 1857 Boemie
1149 1798 1183 1858 et
1203 1792 1335 1858 Polonie
1362 1813 1401 1858 ao
1426 1792 1496 1857 Mo-

196 1906 285 1971 rauie
314 1906 485 1987 predictos,
517 1923 589 1969 cum
611 1922 668 1969 vos
699 1903 915 1985 requisierint,
938 1905 1155 1986 promoueatis
1187 1910 1220 1970 et
1249 1905 1296 1969 eis
1320 1906 1496 1970 secundum

197 2019 339 2100 ipsornrn
360 2018 608 2101 requisicionem
631 2018 671 2082 de
693 2035 807 2083 securo
830 2019 987 2083 conductu
1010 2018 1180 2099 prouidere
1203 2018 1378 2100 dignemini
1394 2024 1427 2082 et
1441 2037 1495 2081 ve-

197 2131 273 2197 litis.
297 2132 334 2196 ln
357 2131 448 2196 cuius
471 2130 519 2196 rei
537 2129 756 2194 testimonium
777 2135 944 2211 presentes
967 2128 1037 2195 fieri
1059 2128 1192 2194 lecimus
1215 2135 1248 2194 et
1269 2131 1372 2194 nostri
1396 2130 1496 2211 sigilli

196 2243 391 2325 appensione
412 2241 541 2310 muniri.
574 2242 693 2307 Datum
707 2240 850 2307 Tridenti
869 2241 903 2306 in
918 2242 1114 2307 Bonicosilio
1137 2247 1241 2307 castro
1264 2249 1374 2307 nostro
1391 2242 1496 2308 ΗΠ.

196 2356 248 2420 die
270 2356 390 2422 mensis
414 2353 610 2421 Nouembris·
635 2372 718 2418 anno
742 2354 862 2419 domini
893 2354 1066 2419 millesimo
1090 2354 1315 2420 trecentesimo
1341 2355 1496 2421 vicesimo

196 2467 342 2549 septimo,
365 2466 409 2532 x·
430 2466 619 2533 indiccione.

299 2665 381 2719 Liber
398 2664 601 2719 vetustissimus
619 2663 820 2733 privilegiorum
838 2666 861 2719 d.
881 2671 931 2719 993
951 2670 998 2719 str.
1017 2670 1051 2718 lo
1069 2663 1092 2715 r'
1103 2664 1213 2748 archivo
1231 2681 1266 2717 m.
1285 2664 1383 2734 Prahy.

749 2916 849 2999 *dra
874 2936 925 3000 rs.

571 3104 673 3174 1328.
709 3109 739 3171 1.
763 3107 950 3190 prosince.
984 3105 1120 3174 Pralra

195 3279 278 3344 Krcl
299 3277 368 3344 Joa
397 3278 484 3343 drino
510 3282 678 3344 ηιέἑᾰιηὺπι
699 3277 830 3342 Stardlro
858 3283 956 3342 oreste
979 3278 1155 3344 Haiske'lro
1180 3283 1292 3364 provo,
1324 3285 1354 3341 z'e
1384 3282 1496 3343 molrou

195 3392 267 3456 maii
286 3391 384 3456 lolem
410 3389 517 3477 Prody
538 3390 652 3456 ldmoti
678 3390 798 3466 karae,
822 3395 934 3476 capno,
962 3391 1057 3474 praed
1077 3416 1099 3455 α
1120 3391 1210 3455 lilino
1231 3415 1275 3454 aa
1296 3389 1380 3455 aboii
1401 3392 1493 3455 dodo-

333 3503 417 3570 kolio
439 3504 482 3568 lou
504 3506 625 3590 opraod
640 3507 737 3567 misto
759 3526 780 3565 α
803 3501 853 3566 bez
872 3501 1000 3586 placem'
1014 3503 1177 3588 jalce'kolr'r
1200 3504 1355 3587 rralrrndy.

298 3709 365 3774 Nos
388 3707 551 3773 Johannes
581 3706 634 3772 dei
663 3705 772 3789 gracia
793 3705 923 3771 Boemie
946 3711 980 3770 et
1000 3704 1132 3771 Polonie
1160 3725 1216 3770 rex
1239 3722 1276 3769 ac
1297 3705 1495 3770 Lucembur·

195 3821 303 3900 gensis
327 3839 443 3886 comes.
491 3819 541 3883 Ad
563 3819 784 3884 uniuersorum
807 3792 873 3881 tam
895 3818 1096 3898 presencium
1119 3837 1214 3900 quam
1236 3818 1416 3882 futurorum
1439 3837 1494 3881 vo·

195 3931 300 3997 lnmus
322 3933 474 3998 noticiam
495 3932 674 4024 peruenire,
698 3930 783 4011 qnod
805 3947 864 3994 nos
880 3929 1012 3993 Maioris
1036 3929 1176 3994 ciuitatis
1199 3937 1306 3995 nostre
1321 3932 1495 4011 Progensis

195 4048 228 4107 et
254 4044 430 4108 incolarum
460 4044 561 4125 ipsius
592 4042 811 4108 condicionem
842 4040 1005 4122 cupientes
1035 4040 1139 4106 iacere
1163 4049 1196 4107 et
1217 4043 1286 4108 fieri
1316 4044 1494 4116 meliorem,

194 4152 290 4218 tidem
312 4160 345 4220 et
366 4155 551 4220 denocionis
582 4153 796 4220 constanciam
829 4151 948 4216 ciuium
970 4152 1122 4233 ipsorum,
1155 4174 1250 4236 quam
1273 4173 1399 4237 semper
1422 4175 1494 4237 ges-

196 4269 307 4330 serunt
335 4264 489 4331 hactenns
512 4273 545 4331 et
567 4267 670 4331 adlrno
700 4283 777 4345 erga
806 4271 946 4329 nostram
977 4269 1092 4342 gerunt
1115 4264 1348 4346 celsitudinem,
1372 4274 1497 4333 attenta

196 4375 313 4441 mentis
343 4377 602 4444 consideracione
625 4383 805 4461 pensantes,
829 4381 864 4440 vt
886 4373 1000 4440 ciuitas
1023 4373 1094 4454 ipsa
1116 4375 1149 4440 in
1172 4378 1306 4445 edificiis
1329 4381 1494 4445 emendari

195 4487 310 4567 valeat,
341 4506 379 4553 eo
410 4488 525 4554 melius
548 4489 738 4571 etamplius
768 4486 922 4567 decorari,
957 4503 1066 4549 omnes
1096 4493 1130 4551 et
1158 4490 1302 4572 singulas
1333 4493 1430 4557 calcis
1462 4503 1497 4557 et
