3068 5160
661 375 741 464 reae
1304 416 1358 482 51²*

98 618 157 699 iqua
176 617 348 695 tenuerint,
372 617 566 682 hereditaria
581 635 637 681 seu
653 618 764 699 libera,
781 620 861 683 etin
876 619 1028 700 predictis
1052 619 1236 687 ciuitatibus
1253 641 1358 689 suam·

97 733 181 796 serint
211 731 418 808 mansionem,
449 729 547 794 talem
570 731 610 795 de
632 731 754 796 eisdem
775 731 869 796 bonis
895 731 1006 796 liberis
1030 733 1071 796 ad
1093 736 1343 816 supportandum

97 844 207 908 deuius
223 845 265 922 id,
290 844 374 926 quod
391 843 574 907 ciuitatibus
590 843 752 922 incumbit,
777 843 1048 909 contribucionem
1070 844 1174 910 iacere
1197 846 1343 927 debcant,

97 956 175 1021 talem
205 956 373 1021 consilium
406 956 546 1019 ciuitatis
576 956 702 1020 duxerit
731 956 957 1023 arbitrandam.
1010 956 1133 1022 Harum
1163 964 1343 1024 nostrerum

97 1069 229 1133 aimonio
256 1069 431 1134 literarum.
474 1070 592 1132 Datum
618 1069 718 1150 Pragc
745 1069 778 1133 in
801 1070 940 1134 crastino
967 1070 1068 1134 sancti
1091 1071 1238 1152 Procopii
1261 1090 1347 1137 anno

97 1182 166 1245 nim
191 1181 361 1246 millesimo
384 1182 608 1246 trecentesimo
630 1181 792 1245 tricesimo
816 1182 962 1262 septimo.

149 1319 232 1373 Liber
256 1319 457 1387 privilegiorum
483 1338 498 1371 z
522 1319 580 1372 XV.
606 1319 697 1372 stolett
724 1334 740 1370 v
765 1319 874 1372 archivu
899 1336 933 1373 m.
958 1320 1038 1373 Loun
1062 1325 1109 1372 etr.
1134 1326 1201 1373 aza
1219 1321 1341 1389 napisem

97 1415 244 1482 upportacio
270 1415 304 1467 ab
329 1414 456 1481 expensis
482 1413 676 1467 subcamerarii
699 1429 760 1466 cum
785 1414 986 1469 contribucicne
1011 1413 1044 1468 de
1068 1415 1148 1469 bonis
1171 1415 1264 1469 liberis
1281 1431 1342 1470 curn

97 1507 171 1562 itate“
191 1525 208 1562 a
226 1509 295 1563 liber
321 1508 535 1562 memorabilium
559 1508 676 1562 civitatis
695 1508 820 1563 Sacensis
838 1525 855 1561 v
872 1509 983 1563 archivu
1001 1527 1036 1564 ur.
1053 1494 1137 1564 Zatce
1155 1527 1170 1562 z
1188 1511 1248 1564 tede
1272 1510 1344 1580 doby

97 1611 157 1670 :213
175 1602 246 1657 lrdei
267 1619 295 1657 se
315 1602 446 1656 doldada:
467 1603 609 1669 „Pluribus
627 1603 784 1658 ciuitatibus
808 1619 892 1673 super
915 1603 1032 1658 diuersis
1051 1605 1149 1673 graciis
1167 1603 1241 1672 data,
1265 1606 1343 1660 cuius

100 1698 169 1752 Luna
187 1699 327 1766 originalis
346 1699 425 1751 litera
443 1699 624 1752 reseruatur.“
651 1698 722 1766 Orig.
742 1716 757 1751 v
776 1699 906 1753 Lounecb
926 1714 954 1753 se
973 1699 1041 1752 vsalr
1060 1700 1232 1755 nezachoval
1252 1701 1343 1756 Schle-

98 1809 136 1860 ger
153 1793 304 1848 Stadtbuch
329 1809 382 1845 von
405 1793 480 1845 Brt'nr
499 1801 545 1847 str.
564 1800 605 1847 30.
624 1824 657 1831 -
675 1794 754 1862 Listy
779 1794 901 1862 stejueho
923 1796 1004 1848 zndnl
1028 1794 1090 1863 byly
1115 1797 1248 1850 concerno
1274 1795 1342 1864 dtny

97 1889 145 1942 aar
170 1889 299 1958 spolecio
324 1889 440 1942 mestum
458 1888 558 1941 uram
577 1888 702 1956 druove,
719 1889 806 1958 metu,
825 1888 973 1958 curuum,
994 1890 1109 1959 norece,
1134 1890 1277 1961 Jaromm,
1296 1874 1344 1945 ca-

99 1984 125 2052 ri,
146 1985 256 2053 Kolluu,
280 1985 404 2037 Kouilmi
429 1983 636 2052 aNymburlru3
657 1983 761 2052 jednalr
781 1984 910 2053 spoledne
928 1984 1065 2053 Beronum
1083 1985 1169 2055 Plzni‚
1190 1985 1345 2055 Issatcvdm,

97 2078 160 2145 ibru,
177 2080 313 2149 Tachcvu‚
332 2079 526 2147 Domadlicdm
545 2078 641 2148 subici,
658 2079 743 2132 Pisku
762 2096 779 2133 a
795 2078 997 2148 Budejovicfim.
1025 2079 1163 2148 Origindly
1180 2080 1297 2150 nalezajl
1315 2097 1346 2135 se

97 2175 189 2228 ucbivu
214 2193 248 2228 m.
267 2174 350 2228 Plzud
375 2174 479 2237 (listina
504 2175 572 2228 cislo
591 2176 617 2237 ⁶2)
641 2190 658 2227 a
680 2191 713 2228 m.
740 2173 848 2229 Hradce
867 2175 983 2228 Kralove
1003 2175 1109 2240 (listina
1126 2178 1148 2229 d.
1168 2178 1213 2241 4.).

608 2383 705 2466 *Cis
729 2402 781 2466 30.

369 2556 473 2623 1338.
506 2555 538 2623 9.
563 2556 757 2623 dervence.
791 2555 1017 2623 Tbionville.

97 2711 132 2773 rc'l
144 2711 208 2775 lan
233 2711 300 2773 ber'c
323 2714 458 2794 mds'tccy
479 2709 620 2774 Vclc’lccbo
635 2712 730 2774 mata
746 2710 921 2774 Praiskcbo
944 2734 975 2774 ee
998 2715 1076 2774 clim
1092 2713 1162 2796 jicb
1180 2712 1344 2796 majetkena

256 2847 287 2886 ue
307 2828 402 2886 namra*
421 2826 433 2885 ι’
453 2827 545 2887 mimo
569 2827 660 2886 mato
683 2847 717 2887 ve
739 2847 812 2887 auce
835 2824 968 2887 zclddtni
989 2825 1134 2888 ochreca.

150 2981 215 3047 Nos
238 2982 401 3045 Johanues
424 2982 475 3045 dei
499 2981 606 3061 gracia
628 2980 758 3045 Boemie
781 3000 836 3045 rex
859 3000 897 3045 ac
923 2982 1213 3062 Lucemburgensis
1237 3000 1344 3046 comes

97 3097 155 3158 tum
178 3095 312 3158 facimus
335 3102 444 3158 tenore
476 3094 675 3174 presencium
698 3094 865 3172 uniuersis,
898 3095 982 3176 quod
1006 3114 1077 3159 cum
1107 3094 1217 3160 fideles
1241 3095 1342 3159 nostri

97 3200 154 3271 lecti
185 3208 272 3271 ciues
296 3207 427 3270 llaioris
459 3206 598 3270 ciuitatis
628 3207 797 3286 Pragensis
828 3206 891 3271 fide
922 3212 954 3271 et
985 3207 1159 3271 deuocione
1191 3226 1249 3271 nec
1279 3224 1342 3270 non

100 3318 191 3384 elibus
215 3319 361 3383 seruiciis
385 3319 431 3381 sic
455 3338 488 3381 se
512 3337 638 3399 semper
665 3319 846 3384 celsitudini
876 3326 984 3383 nostre
1015 3324 1122 3400 gratos
1146 3319 1343 3383 demonstra-

99 3432 151 3497 rint
172 3440 205 3498 et
228 3438 385 3515 acceptos,
410 3432 455 3494 ita
477 3432 560 3513 quod
576 3432 609 3494 iu
625 3431 673 3494 cis
687 3450 866 3512 uuncquam
890 3431 977 3496 aliud
999 3431 1189 3509 inuenimus,
1213 3448 1271 3493 nec
1294 3428 1342 3491 in-

98 3545 155 3609 uire
170 3546 341 3627 potuimus,
359 3563 453 3625 qumn
470 3543 553 3625 quod
570 3544 691 3623 integre
707 3542 781 3606 fidei
797 3549 830 3606 et
847 3544 1031 3608 deuocicnis
1049 3542 1183 3625 requirit
1198 3540 1339 3617 affectus,

97 3676 179 3721 orum
213 3657 470 3720 consideracione
502 3675 559 3719 nos
591 3655 669 3735 ipsis
699 3655 738 3719 ad
765 3655 889 3736 gracias
921 3655 1081 3719 faciendas
1113 3655 1271 3719 credimus
1302 3669 1341 3715 ex

97 3767 152 3833 bito
176 3770 321 3849 obligari.
347 3769 428 3831 Saue
452 3767 646 3845 affectantes,
677 3773 711 3831 vt
734 3767 846 3848 legalis
878 3774 967 3832 cetus
991 3768 1109 3832 ciuium
1132 3764 1340 3847 Pragensium

108 3882 170 3962 ipsa
193 3883 308 3945 ciuitas
331 3881 500 3960 Propensis
524 3881 758 3945 melioracionis
781 3887 814 3945 et
836 3880 997 3962 profectus
1014 3880 1164 3944 continua
1186 3876 1340 3957 recipiant

97 4003 250 4072 crementa,
282 3995 429 4075 quodque
453 3995 491 4057 de
515 3999 599 4057 statu
623 3999 768 4058 suetam
793 3993 879 4057 ciues
911 4013 1005 4076 quum
1033 3993 1146 4056 ciuitas
1180 3989 1341 4053 antedicta

100 4121 110 4162 ι·
128 4109 232 4171 omma
255 4107 383 4169 inantea
405 4106 522 4170 luerint
546 4107 658 4184 securi,
690 4107 832 4188 ipsorum
855 4107 972 4170 ciuium
996 4122 1158 4187 personas,
1183 4120 1243 4180 res,
1267 4120 1341 4183 pos-

98 4216 188 4283 sioues
213 4240 270 4282 seu
294 4219 496 4296 hereditates
520 4226 584 4283 tam
609 4220 641 4282 in
665 4219 795 4282 ciuitate
811 4238 905 4300 quam
921 4226 1011 4282 extra
1031 4217 1119 4295 sitas,
1143 4217 1175 4279 in
1199 4221 1340 4279 nostram

97 4333 279 4396 rocconem
303 4332 473 4412 recipimus
491 4331 671 4413 specialem,
696 4332 740 4395 ita
763 4332 847 4412 quod
863 4337 970 4395 nostre
986 4330 1198 4411 protecciouis
1215 4329 1340 4409 clippeo

98 4443 160 4506 uniti
186 4445 294 4508 nullus
326 4446 452 4526 penitus
477 4463 531 4507 eos
565 4445 596 4507 in
626 4444 689 4507 hiis
720 4444 876 4522 omnibus,
907 4443 1058 4525 quamdiu
1089 4442 1180 4506 nobis
1211 4441 1338 4506 dominc

97 4555 216 4621 »irritante
247 4559 312 4621 vita
344 4577 448 4622 corrues
483 4557 632 4635 extiterit,
666 4556 836 4620 molestare
872 4562 926 4619 aut
955 4557 1084 4621 turbare
1118 4556 1177 4621 sub
1208 4555 1340 4620 obtentu

1151 4683 1183 4736 4*
