3068 5160
119 335 161 398 58
732 337 808 387 mos.

118 541 195 605 meli
216 545 358 622 tempore
388 539 458 620 ipsa
479 545 588 604 vestra
609 541 724 605 oiuitus
754 560 813 623 per
837 560 954 624 aquam
975 540 1126 607 Wuiteue
1148 540 1189 606 de
1212 541 1282 608 looo
1303 543 1393 607 domus

118 652 286 734 hospitalis
302 653 471 733 Prugensis
485 670 587 734 voque
601 652 685 718 ultre
707 658 841 735 portum,
865 656 918 720 vbi
934 656 1053 722 siceum
1066 655 1292 733 emendetur,
1313 655 1394 719 sauoti

120 764 290 844 Valentini,
328 765 381 829 vbi
415 764 504 845 ligna
536 769 570 829 et
601 763 695 829 fimus
728 766 845 848 deponi
860 763 885 850 ¹)
919 774 971 833 est
1002 771 1214 847 consuetum,
1251 767 1395 833 retroactis

117 877 314 957 temporibus
342 896 400 959 per
429 877 598 943 latrocinio
619 884 653 943 et
674 878 759 943 furta
789 879 990 945 incommode
1018 879 1158 962 plurimo
1189 880 1234 945 sit
1254 897 1421 962 perpessu,

117 995 151 1055 et
172 1008 230 1054 suo
252 995 395 1071 tempore
424 990 518 1072 pluro
546 991 715 1072 dispendia
744 996 855 1073 posset
878 994 956 1074 peti.
1001 992 1052 1059 Ad
1073 992 1161 1076 quod
1182 992 1395 1074 preosnenduu
1419 1036 1421 1045 ·

117 1102 208 1168 vobis
230 1108 264 1167 et
285 1103 407 1167 ciuitati
430 1108 536 1169 vestre
566 1104 769 1169 concedimus
791 1108 825 1169 et
845 1104 1001 1185 fouemus,
1032 1104 1119 1188 quod
1148 1104 1288 1171 eundem
1311 1104 1394 1170 looun

118 1215 158 1278 de
188 1234 279 1279 muro
309 1215 450 1279 ciuitatis
482 1233 584 1299 usque
614 1217 655 1281 sd
683 1216 860 1298 predictam
889 1236 1007 1299 equum
1034 1216 1181 1299 prooludi
1212 1223 1247 1283 et
1275 1216 1420 1309 preoiugi3

117 1328 258 1407 possitis,
291 1330 385 1406 prout
413 1328 524 1393 vtiiius
554 1330 644 1396 vobis
674 1334 708 1394 et
737 1330 852 1395 meiius
882 1329 1044 1395 videbitur
1073 1329 1237 1412 expedire,
1268 1335 1301 1395 et
1327 1330 1394 1410 ligur

118 1437 271 1501 hactonus
295 1438 413 1504 ibidem
436 1447 470 1505 et
491 1442 600 1508 fimum
631 1444 771 1525 reposita
800 1460 858 1524 pro
881 1448 988 1508 vestro
1011 1441 1215 1524 beneplacito
1240 1459 1393 1509 remouere

119 1547 306 1613 Mandemus
330 1552 428 1631 igitur
445 1555 604 1620 uniuersis
621 1555 740 1619 nostris
755 1552 914 1633 officietis,
938 1554 1158 1637 oniusouuqne
1180 1554 1392 1637 preeminencie

119 1678 176 1723 seu
206 1664 404 1729 auctoritatis
435 1668 608 1747 extiterint,
643 1646 846 1749 presentibus
875 1670 933 1731 sut
961 1665 1088 1746 futuris,
1120 1671 1281 1749 quotenus
1308 1664 1391 1731 nullm

119 1791 229 1838 eorum
262 1794 318 1841 vos
351 1779 384 1842 in
418 1779 601 1845 huiusmodi
634 1778 842 1860 precluusura
874 1777 991 1844 debeat
1027 1778 1216 1862 aliqualiter
1252 1778 1390 1861 impedire

119 1884 240 1950 Herum
273 1888 439 1954 literarum
472 1891 654 1956 testimonio
689 1893 880 1954 nostronrm,
932 1889 1053 1955 Datum
1085 1890 1302 1958 Freukenfurt
1329 1905 1389 1956 suno

119 1999 239 2064 domini
261 2001 430 2068 millesimo
455 2005 679 2068 trecentesimo
701 2002 864 2067 tricesimo
888 2019 983 2069 nono.

221 2199 303 2253 Liber
320 2200 521 2254 vetustissimus
539 2198 741 2268 privilegiorum
759 2200 781 2251 d.
794 2202 845 2251 993
864 2198 1238 2270 str.41vorob.m.Prsby.
1253 2202 1273 2269 ¹)
1289 2194 1387 2265 Bukopir

118 2297 161 2347 md
179 2295 274 2364 reponi
293 2294 399 2363 deponi.
418 2325 451 2332 -
469 2295 528 2349 List
545 2301 590 2348 ten
609 2292 728 2362 potvrdil
746 2293 819 2346 cisni
835 2291 965 2361 Sigmuud
982 2310 1000 2345 r
1017 2294 1103 2349 Prone
1120 2300 1163 2350 26.
1183 2311 1269 2366 srpnu
1286 2300 1350 2349 isso,

695 2562 759 2646 Cis.
783 2582 835 2646 37.

494 2753 598 2822 1339.
634 2753 689 2820 29.
712 2752 868 2821 kvdtno.
903 2752 1038 2821 hebo„

117 2927 200 2990 Krol
214 2925 280 2989 ιΙιιιι-
303 2924 479 3010 oeoobozuje
500 2930 637 3010 mo'dtony
651 2924 782 2989 Steudim
805 2930 901 2989 mesta
916 2925 1092 2991 Praioke'bo
1113 2950 1159 2991 na
1179 2933 1269 3014 ἄγῃ]
1289 2915 1385 2990 perd

111 3040 241 3123 plorem
268 3038 435 3122 mdotoky'cb
459 3038 555 3114 berni,
584 3038 747 3122 pone'oodl
772 3038 914 3103 zoocizeli
934 3060 965 3102 ee
986 3038 1135 3124 zaptatr‘ti
1158 3062 1212 3104 mor
1233 3064 1271 3105 zo
1291 3051 1335 3104 on
1350 3040 1387 3097 ἕω

116 3152 204 3214 4000
226 3152 286 3234 kop
309 3174 330 3214 a
351 3155 482 3215 zdrooed
510 3151 658 3237 poooluje
679 3151 745 3235 jim
773 3150 912 3236 oybiroti
934 3172 980 3235 po
1004 3154 1061 3235 pet
1089 3151 1131 3215 lot
1159 3155 1206 3215 ti‘o'
1233 3151 1350 3240 rrnyelty
1366 3164 1388 3206 ²2

360 3266 465 3341 surkes
488 3286 520 3327 ze
541 3262 625 3327 zboti
646 3263 868 3327 kramddskobo
891 3286 912 3325 a
933 3264 1060 3327 zodrek
1078 3266 1169 3347 pioa.

218 3466 285 3532 Nos
308 3465 471 3531 Jobonnes
495 3464 545 3528 dei
574 3464 681 3541 gracia
701 3462 833 3527 Boomie
855 3481 912 3527 rex
933 3480 970 3527 ee
992 3464 1285 3547 Lucemburgensis
1307 3474 1393 3532 eomes

114 3588 224 3646 notum
253 3579 385 3645 facimus
415 3583 526 3641 tenore
556 3575 756 3657 presencium
778 3573 947 3652 uniuersis,
978 3575 1064 3656 quod
1091 3577 1167 3658 quie
1189 3577 1300 3644 dilecti
1321 3574 1397 3645 uobis

115 3694 202 3758 ciues
225 3698 333 3757 nostre
356 3690 489 3754 Maioris
512 3688 652 3753 ciuitatis
674 3687 845 3766 Progeusis
870 3689 1087 3770 promiserunt
1108 3691 1202 3755 nobis
1225 3709 1284 3773 pro
1306 3696 1401 3757 nonu

115 3804 297 3886 indigencio
308 3810 340 3868 et
355 3801 558 3868 exsoluoione
570 3800 726 3882 regalium
741 3807 922 3865 nostrorum
937 3820 995 3882 per
1010 3806 1148 3883 quatuor
1162 3821 1265 3868 annos
1280 3805 1404 3886 primurn

115 3922 264 3981 venturos
288 3916 455 3982 continuos
479 3919 616 3997 quatuor
637 3913 726 3977 milia
748 3931 978 3994 sexagenorum
1000 3931 1185 3995 grossorum
1206 3914 1408 3997 Progensium

115 4042 241 4106 sempor
263 4034 408 4110 quartam
437 4032 561 4108 partem
591 4027 684 4090 buius
708 4044 830 4090 summe
853 4025 905 4089 die
928 4027 1029 4090 saneti
1053 4024 1149 4105 Gelli,
1177 4027 1361 4109 incipiendo
1380 4028 1411 4091 iu

115 4154 197 4199 anno
220 4140 339 4204 domini
362 4140 533 4204 millesimo
565 4132 804 4203 trecentesimo
820 4137 1074 4219 quadragesimo,
1105 4137 1295 4219 persoluere
1322 4145 1414 4224 etque

116 4247 201 4319 dare,
225 4267 283 4313 nos
306 4252 427 4317 eisdem
450 4251 574 4316 oiuibus
597 4250 715 4315 nostris
738 4250 849 4313 damus
865 4249 998 4331 proinde
1020 4268 1078 4331 per
1100 4250 1260 4316 dictorum
1279 4257 1417 4335 quotuor

117 4376 270 4422 annorum
301 4365 441 4440 spacium
472 4363 656 4426 continuum
685 4360 814 4442 plenam
844 4365 876 4423 et
898 4360 1110 4425 onmimodam
1145 4360 1341 4443 libertatern,
1373 4366 1419 4431 sic

117 4469 273 4547 virlolioot,
298 4474 382 4552 qumi
405 4494 463 4539 neo
484 4493 542 4555 per
557 4492 615 4538 nos
631 4492 689 4537 neo
705 4472 803 4536 alium
819 4475 875 4534 aut
889 4472 970 4536 aiios
994 4492 1012 4537 e
1036 4472 1130 4538 dietis
1146 4474 1274 4541 ciuibus
1298 4478 1421 4544 uostris
