3068 5160
651 359 728 406 6666.
1275 358 1336 420 261

99 564 145 626 sis
171 562 367 640 61666616,
393 561 493 624 incliti
517 561 669 625 Bolreruie
692 562 782 642 regni
804 560 981 641 magnilica,
1013 578 1138 625 sacrum
1160 563 1337 628 Romanum

99 676 203 738 erium
220 675 341 738 honore
357 681 390 738 et
405 675 591 738 reuerenciu
614 676 718 754 digne,
736 680 769 737 vt
791 674 911 751 debuit,
936 691 1062 754 semper
1084 683 1253 755 prosecuta
1277 685 1336 756 est,

99 789 120 851 d
134 787 216 851 larue
233 792 265 850 et
282 787 383 866 glorie
396 788 497 867 ipsius
510 785 681 867 plurimum
699 787 904 865 conducebat,
915 785 1195 866 predecessoribus
1209 808 1336 870 quoque

99 901 159 963 tris
183 901 396 963 llourauoruru
419 900 617 980 principibus
641 917 766 962 onmem
789 900 1041 978 veneracionem,
1071 897 1257 965 fidelitatem
1281 903 1335 966 de-

99 1032 135 1076 66
160 1011 352 1076 indefessam
376 1013 590 1094 obsequendo,
616 1011 803 1075 sublimitati
820 1028 949 1075 cesaree
972 1016 1005 1075 et
1026 1011 1165 1092 parendo
1188 1012 1335 1093 diligenti

99 1127 143 1190 lio
156 1126 284 1188 exibere
294 1126 476 1202 conabatur,
490 1144 546 1205 pro
559 1142 621 1205 quo
634 1142 696 1187 non
709 1124 856 1187 inmerito
870 1124 1028 1204 imperiali
1040 1124 1228 1188 auctoritate
1241 1144 1336 1206 pecu·

98 1239 170 1303 ibus
186 1238 389 1302 libertatibus
406 1243 438 1300 et
453 1237 569 1316 graciis
586 1255 604 1298 a
620 1236 901 1316 predecessoribus
916 1235 1034 1299 nostris
1048 1237 1164 1300 meruit
1175 1238 1334 1303 honorari.

98 1351 135 1414 ›is
151 1369 278 1433 quoque
295 1350 354 1412 hac
370 1355 559 1429 tempestate
574 1354 700 1429 gratum
717 1348 905 1429 obsequium
921 1347 1053 1427 exibuit,
1077 1348 1151 1412 dum
1163 1355 1332 1430 postquam

98 1481 124 1527 66
147 1463 358 1527 Wieunenses
382 1467 414 1524 et
436 1461 580 1525 nonnulli
612 1460 736 1525 nobiles
760 1462 894 1525 ducatus
921 1460 1022 1523 nostri
1045 1458 1183 1538 Austrie,
1215 1462 1335 1526 subditi

98 1575 146 1653 tri,
171 1576 301 1638 lionoris
318 1579 350 1636 et
369 1573 580 1655 subjeccionis
603 1573 709 1637 debite
732 1575 934 1652 inmemores,
950 1573 1148 1654 prestitoque
1171 1573 1336 1638 fidelitatis

98 1692 269 1751 renuentum
286 1686 453 1763 violentae,
477 1687 604 1767 quaudo
631 1704 689 1750 nos
712 1690 799 1749 tutos
822 1690 855 1748 et
877 1685 1005 1749 omnino
1028 1703 1158 1750 securos
1181 1685 1221 1748 iri
1244 1691 1335 1767 putu-

98 1818 156 1877 666,
173 1800 323 1881 injuriam
336 1818 398 1862 non
411 1799 604 1863 mediocrem
619 1797 724 1862 facere
736 1803 769 1861 et
780 1799 872 1862 nobis
887 1796 1044 1862 rebellare
1060 1816 1096 1863 uc
1112 1816 1147 1862 66
1159 1798 1336 1863 insolenter

98 1917 263 1992 trapouere
279 1916 525 1992 temptauerunt,
543 1912 662 1974 crimen
679 1909 745 1974 lese
757 1910 934 1974 maiestatis
950 1911 1113 1976 incurrere
1125 1912 1255 1976 minime
1271 1913 1335 1977 for-

97 2024 201 2095 lantes,
219 2025 304 2087 dictu
317 2025 430 2087 ciuitas
440 2023 609 2103 Pragensis
626 2041 697 2086 cum
710 2023 837 2087 domino
850 2024 1002 2103 ipsorum,
1016 2024 1221 2089 serenissimo
1234 2023 1333 2089 Geor-

107 2135 258 2200 Bolremie
281 2155 355 2216 rege
379 2142 411 2199 et
430 2136 612 2200 rnnrclriono
629 2135 774 2199 Morauie
789 2153 834 2214 oc,
858 2134 952 2200 affine
975 2142 1085 2201 nostro
1108 2137 1273 2202 carissimo
1296 2157 1333 2202 ac

97 2248 205 2313 nicolis
219 2249 388 2324 nobilibus,
403 2253 467 2311 tam
476 2247 629 2311 Bohemie
641 2249 731 2328 regni
744 2267 837 2330 quam
850 2248 1086 2312 marchionatus
1095 2248 1249 2326 Morauie,
1262 2268 1333 2313 cum

97 2406 100 2420 .
127 2379 286 2424 armorum
316 2362 464 2441 potencia
486 2361 648 2424 Aristriam
680 2360 815 2442 profecti
845 2367 928 2440 suut,
959 2361 1012 2425 vbi
1035 2361 1189 2427 aduersus
1213 2361 1331 2425 ciuium

97 2474 274 2537 aunensium
292 2479 324 2536 et
340 2473 496 2536 dictorum
520 2472 685 2551 nobilium,
706 2473 903 2538 subditorum
926 2478 1116 2550 nostrorum,
1138 2472 1333 2554 proteruiam

97 2585 290 2649 nsolenciam
314 2585 468 2665 prefatam
492 2586 583 2650 nobis
607 2591 785 2668 opportune
801 2592 834 2650 et
848 2585 985 2650 feliciter
1006 2586 1147 2667 presidio
1164 2591 1197 2651 et
1211 2586 1330 2650 auxilio

97 2716 132 2771 re,
156 2699 241 2779 quod
273 2716 329 2761 nos
353 2716 416 2761 uon
440 2699 510 2761 sine
541 2717 656 2779 magna
685 2698 782 2762 animi
814 2698 1009 2779 gratitudine
1039 2699 1231 2780 accipientes
1257 2718 1329 2780 pre-

97 2829 129 2872 m
153 2810 316 2873 ciuitatem
340 2811 534 2885 l‘ragensem
556 2811 636 2874 tanti
659 2810 801 2888 lecimus,
825 2815 860 2873 rt
875 2829 945 2874 earu
960 2811 1058 2892 digna
1073 2818 1106 2875 et
1120 2812 1200 2876 bene
1216 2813 1331 2877 merita

96 2924 294 2986 urneraciono
326 2924 430 2984 6661666
461 2922 573 2986 libenti
604 2941 845 3004 prosequamur.
890 2924 993 3003 Igitur
1026 2924 1328 3005 supplicacionibm,

121 3052 175 3112 pro
200 3039 289 3113 purte
313 3033 382 3095 6166
407 3035 547 3096 ciuitatis
570 3040 602 3096 ct
626 3034 744 3097 ciuium
767 3036 869 3115 ipsius
893 3035 985 3098 nobis
1004 3035 1122 3099 exibita
1138 3043 1221 3115 sunt,
1239 3044 1328 3118 grato

96 3164 140 3207 6666
171 3147 340 3209 66666661666666
364 3152 396 3208 et
418 3165 480 3208 non
512 3165 569 3225 per
591 3165 732 3210 errorem
755 3154 811 3211 aut
833 3148 1021 3228 improuide,
1053 3149 1109 3211 sed
1141 3168 1217 3214 sano
1246 3152 1330 3230 prin-

96 3275 148 3334 6666,
181 3259 340 3334 comitum,
372 3278 547 3338 procerum,
578 3259 732 3323 baronum
756 3266 788 3323 et
811 3260 952 3324 fidelium
981 3265 1162 3324 nostrorum
1195 3262 1329 3326 aliorum

96 3369 203 3433 edente
221 3370 364 3446 consilio,
389 3390 425 3432 ex
450 3376 536 3434 certa
559 3377 667 3434 nostru
690 3372 837 3450 sciencia,
861 3373 1049 3436 auctoritate
1073 3390 1203 3436 cesarea
1219 3391 1328 3436 omnes

96 3481 167 3552 cias,
200 3482 374 3559 libertates,
407 3483 638 3559 concessiones,
669 3483 842 3564 priuilegia
872 3490 904 3547 et
929 3485 1003 3565 jura
1029 3485 1179 3548 uniuersa
1202 3504 1221 3548 a
1243 3485 1328 3549 diuis

96 3610 246 3656 nouorum
269 3594 523 3674 imperatorilms,
555 3596 834 3676 predecessoribus
866 3598 993 3674 nostrie,
1026 3596 1148 3660 ciuitati
1175 3596 1327 3677 Prageusi

96 3705 211 3769 :iuilrus
235 3726 271 3769 66
295 3707 407 3770 incolis
438 3708 581 3771 eiusdem
604 3714 637 3771 et
660 3709 829 3789 presertim
860 3709 996 3791 quedam
1025 3708 1197 3791 priuilegia
1229 3710 1328 3789 impe-

96 3833 184 3895 uum,
209 3838 270 3899 que
294 3826 417 3896 sonant,
450 3826 483 3882 vt
506 3822 593 3883 ciues
624 3821 767 3885 eiusdem
798 3821 938 3885 ciuitatis
962 3827 995 3886 et
1017 3821 1120 3886 incole
1146 3841 1204 3903 per
1224 3827 1329 3886 totum

95 3945 157 3992 rum
182 3932 348 4011 imperium
374 3953 392 3994 6
415 3932 578 3995 solucione
601 3933 741 3997 thelonei
758 3934 963 4015 omniumque
982 3935 1187 3999 exaccionum
1203 3936 1242 3999 de
1257 3935 1328 4016 qui·

98 4060 228 4125 cumque
252 4045 410 4107 mercibus
435 4050 489 4107 arnt
511 4046 606 4107 rebus
630 4045 694 4108 siut
716 4045 863 4126 exempti,
895 4045 988 4110 liberi
1012 4052 1045 4110 et
1067 4047 1215 4127 absoluti,
1237 4046 1329 4111 datas

95 4171 264 4233 concessas,
296 4155 371 4219 dota
394 4162 426 4219 et
448 4174 599 4219 coucessn
629 4158 852 4237 approbamus
884 4158 1078 4223 ratificamus
1108 4165 1141 4223 et
1170 4159 1327 4242 imperiali

97 4268 220 4331 toritate
236 4268 438 4348 presentibus
452 4268 639 4331 irmoucmus
656 4274 688 4333 et
703 4271 880 4350 gratiosius
897 4270 1120 4336 confirmamus
1135 4272 1168 4336 in
1181 4271 1328 4337 omnibus

95 4379 167 4456 lctis,
201 4380 362 4456 clausulis,
395 4380 539 4443 articulis
562 4388 595 4443 et
617 4382 799 4459 sentenciis,
831 4385 896 4447 acsi
927 4384 966 4448 de
997 4385 1095 4450 uerbo
1123 4386 1164 4449 ad
1194 4385 1327 4449 uerbum

103 4490 327 4556 insererentur.
351 4492 393 4555 Et
410 4498 443 4554 ut
459 4493 570 4555 eadem
594 4492 708 4557 ciuitas
731 4494 901 4575 l‘ragensis
917 4496 1103 4561 meritomm
1126 4496 1327 4562 666666616-
