3090 5370
131 364 192 427 114
742 363 815 414 rasa.

110 574 256 649 ‹sinpuli
289 575 362 636 ‹hnu
387 574 436 637 rol
461 576 612 656 quociens
643 593 700 656 per
722 576 910 656 magistrum
940 576 1100 640 moncium
1122 593 1180 639 seu
1203 574 1370 638 vinearum
1390 572 1418 634 in

130 706 225 763 roario
251 687 379 749 lhuunie
403 705 459 767 pro
483 689 641 752 communi
664 686 801 753 vtilitate
825 687 1114 766 instaurandamm,
1142 689 1196 770 qui
1221 692 1272 753 est
1294 686 1345 750 vel
1367 702 1417 766 pro

127 805 269 878 ternpore
293 799 397 879 fuerit,
421 818 570 882 supereo
586 801 734 882 requisiti
758 800 892 880 fueritis,
910 802 943 864 in
959 801 1128 881 montanis,
1146 801 1241 866 bonis
1265 820 1325 865 seu
1340 799 1417 879 agris

128 913 251 989 vostris,
276 912 464 994 ubicumque
486 913 624 991 situatis,
652 932 713 993 que
737 913 785 977 vel
811 916 865 995 qui
888 934 945 995 pro
968 916 1071 980 vineis
1094 913 1248 978 faciendis
1273 913 1337 977 sibi
1358 911 1417 993 plu·

127 1026 251 1088 cuerint
272 1030 328 1089 aut
349 1025 456 1090 valere
479 1026 680 1105 videbuntur,
704 1045 723 1089 a
746 1027 808 1105 die,
833 1047 895 1109 qua
917 1046 975 1109 per
997 1028 1101 1108 ipsum
1125 1027 1248 1109 requiri
1272 1045 1331 1091 ros
1352 1043 1418 1089 con-

126 1137 244 1216 tigerit,
276 1143 332 1201 aut
360 1138 538 1219 sumptibus
561 1144 595 1202 et
616 1141 764 1220 expensis
794 1141 932 1221 propriis
961 1139 1045 1204 infra
1067 1144 1204 1221 quatuor
1229 1141 1416 1220 septimanas

127 1249 311 1313 notabiliter
340 1256 373 1314 et
401 1252 567 1315 euidenter
589 1251 745 1316 inchoetis
769 1259 802 1316 et
825 1252 996 1317 elaboretis
1020 1253 1128 1317 vineas
1151 1251 1203 1316 vel
1230 1251 1436 1332 permittatis‘

129 1363 197 1424 sine
215 1363 328 1443 queuis
351 1361 546 1442 difficultate,
571 1364 656 1446 quod
678 1383 737 1445 per
759 1365 878 1431 dictum
894 1367 1082 1447 magistrum
1097 1366 1258 1429 monrium
1283 1370 1317 1428 et
1338 1364 1415 1426 vine

127 1494 215 1537 arum
247 1477 279 1539 in
309 1476 477 1555 montanis,
507 1477 600 1541 bonis
623 1482 655 1541 et
677 1479 764 1557 agris
785 1479 910 1557 vestris,
939 1498 1001 1560 que
1023 1477 1076 1542 uel
1099 1477 1154 1560 qui
1179 1483 1255 1557 apta
1279 1495 1336 1541 seu
1358 1475 1414 1557 apti

126 1588 245 1652 fuerint
267 1607 324 1668 pro
347 1589 461 1666 uineis,
485 1590 631 1669 personis
654 1589 727 1654 aliis
751 1595 916 1671 acceptare
938 1590 1119 1655 volentibus
1142 1591 1236 1655 vinee
1259 1606 1414 1653 mensura-

125 1706 245 1778 rentur,
270 1706 303 1765 et
324 1701 445 1765 eisdem
468 1703 660 1767 mensuratis
674 1720 770 1767 more
794 1702 889 1767 solito
912 1703 1099 1767 mandamus
1122 1702 1213 1767 vobis
1236 1708 1270 1766 et
1294 1701 1415 1766 cuilibet

125 1818 265 1875 vestrum
288 1831 325 1876 ac
348 1813 406 1877 sub
433 1813 565 1878 obtentu
596 1820 705 1879 nostre
735 1816 841 1897 gracie
872 1816 1069 1896 iniungimus
1100 1815 1232 1892 seriose,
1265 1822 1412 1898 quatenus

125 1924 301 1989 cultoribus
324 1926 489 1990 vinearum
519 1927 701 1992 huiusmodi
732 1928 820 1993 iuxta
842 1946 953 1992 eorum
976 1933 1009 1991 et
1030 1928 1175 2008 magistri
1207 1930 1366 1992 monrium
1387 1932 1414 1989 et

125 2038 289 2101 vinearum
319 2040 566 2120 requisitionem
600 2046 633 2104 et
662 2040 822 2105 desideria
851 2059 947 2122 super
977 2042 1070 2105 nouis
1101 2040 1204 2104 vineis
1239 2038 1413 2104 huiusmodi
1459 2028 1461 2043 '

124 2150 248 2214 litteras
270 2157 394 2215 vestras
417 2152 586 2217 atentticas
610 2153 686 2217 dare
702 2152 846 2217 debeatis
869 2151 1100 2232 fauorabiliter,
1124 2152 1164 2216 de
1188 2152 1306 2234 quibus
1329 2154 1414 2231 (ligne

124 2263 252 2328 valeant
274 2265 459 2328 contentari.
482 2264 526 2330 Et
547 2266 575 2329 si
595 2265 786 2348 quicumque
802 2285 841 2330 ex
856 2265 949 2330 uobis
964 2264 1208 2347 presumpcione
1224 2279 1414 2347 quacumque

126 2377 235 2441 uineas
266 2377 298 2442 in
328 2377 420 2442 bonis
443 2378 511 2441 suis
533 2378 681 2458 propriis,
712 2382 752 2441 rt.
768 2379 971 2458 premittitur,
1002 2377 1125 2442 nollent
1148 2376 1295 2442 excolere
1319 2393 1412 2458 neque

123 2489 301 2568 admittere,
325 2491 409 2572 quod
424 2496 685 2554 mensurarentur
707 2495 740 2554 et
762 2489 803 2553 ad
819 2489 974 2554 culturam
992 2489 1261 2555 distribuerentur
1276 2487 1412 2571 personis

125 2599 198 2664 aliis
220 2602 273 2666 uel
296 2602 420 2666 litteras
450 2621 547 2683 super
568 2602 750 2667 huiusmodi
780 2602 883 2667 vineis
909 2602 986 2666 dare
1008 2608 1203 2676 recusarent,
1235 2603 1365 2667 eosdem
1384 2604 1413 2663 et
1459 2663 1461 2675 ,

125 2712 299 2791 quemlibet
321 2733 431 2778 eonrm
453 2734 510 2795 per
533 2715 690 2793 consules
719 2716 842 2798 juratos
866 2721 898 2780 et
919 2715 1161 2780 uniuersitatem
1184 2713 1320 2779 Maioris
1344 2713 1413 2779 ciui·

123 2823 199 2886 tatis
221 2823 399 2905 Propensis
430 2846 489 2891 nec
518 2847 581 2892 non
612 2828 800 2909 magistrum
831 2828 991 2892 moncium
1014 2834 1047 2891 et
1070 2827 1245 2896 vinearum,
1278 2829 1333 2910 qui
1362 2845 1413 2907 pro

123 2939 265 3015 tempore
287 2935 413 3017 suerint,
437 2939 548 3005 fideles
571 2945 698 3005 nostros
721 2939 864 3019 dilectos,
882 2946 991 3004 nostro
1014 2939 1142 3004 nomine
1173 2946 1205 3002 et
1231 2941 1415 3004 aucmritate

124 3047 164 3111 ad
181 3049 214 3112 id
228 3048 406 3115 faciendum
429 3052 577 3135 compelli
600 3053 748 3117 uolumus
767 3071 825 3133 per
840 3051 1133 3133 inpignoracionem
1154 3057 1187 3115 et
1209 3053 1314 3117 modis
1338 3052 1414 3130 aliis,

124 3161 239 3241 quibus
261 3181 371 3227 eorum
395 3164 550 3229 industrie
573 3167 677 3230 uisum
695 3164 793 3230 fuerit
815 3166 974 3246 expedire,
1000 3170 1033 3229 et
1054 3163 1283 3229 nichilominus
1311 3165 1413 3241 iidem,

122 3273 177 3355 qui
209 3274 344 3340 rebelles
375 3278 503 3342 statutis
533 3282 567 3342 et
595 3277 753 3342 mandatis
777 3279 895 3343 nostris
926 3277 1077 3358 predictis
1105 3277 1258 3357 comperti
1290 3276 1414 3351 fuerint

121 3386 166 3451 itu
189 3389 274 3470 quod
304 3389 386 3454 inira
416 3389 653 3455 reuolucionem
675 3390 768 3454 vuius
799 3390 874 3453 anni
898 3408 917 3453 a
940 3389 1001 3468 die,
1035 3407 1097 3472 qua
1130 3388 1249 3453 luerint
1271 3387 1415 3472 requisiti

120 3507 153 3564 et
175 3503 340 3567 ammoniti
363 3503 403 3566 ad
426 3502 639 3567 obediendum
662 3509 694 3567 et
715 3502 896 3567 faciendum
919 3521 966 3582 ea,
991 3521 1052 3584 que
1076 3507 1304 3582 expressantur
1327 3520 1416 3583 supe

119 3614 195 3692 rius,
220 3634 283 3679 non
305 3613 439 3679 fecerint
460 3620 493 3679 et
515 3615 885 3694 litterisroborauerint,
916 3621 950 3680 vt
971 3613 1138 3695 prefertur,
1162 3620 1293 3695 propter
1317 3613 1417 3678 rebel-

119 3723 237 3790 lionem
267 3733 300 3791 ot
329 3727 582 3793 inobedienoiam
612 3745 722 3793 eorum
753 3729 870 3794 debent
891 3728 1024 3809 perdere
1054 3728 1109 3809 jus
1139 3726 1238 3807 fundi,
1270 3726 1417 3792 videlicet

119 3837 275 3903 decimam
289 3845 411 3922 partem
427 3840 656 3921 usufructunm,
680 3840 734 3923 qui
751 3841 790 3906 de
807 3841 908 3905 vineis
932 3841 965 3904 in
988 3840 1080 3906 bonis
1104 3858 1213 3903 eorum
1231 3840 1415 3905 instauratis

120 3948 197 4028 ipsis
214 3952 365 4018 obuenire
381 3958 414 4018 et
431 3955 523 4018 annis
540 3954 674 4037 siugulis
691 3953 774 4018 solui
791 3953 957 4032 debebant,
983 3953 1010 4016 si
1033 3970 1097 4016 non
1112 3951 1250 4016 fuissent
1264 3952 1412 4027 rebelles,

115 4059 206 4139 juxta
235 4066 465 4132 continenciam
499 4066 634 4131 aliarum
668 4067 847 4132 litterarum
881 4070 1071 4143 nostrarum,
1096 4073 1128 4129 et
1158 4064 1345 4130 huiusmodi
1365 4066 1416 4147 jus

118 4171 207 4235 fundi
231 4192 287 4239 seu
310 4178 449 4243 decimas
473 4179 637 4244 vinearum
653 4180 871 4260 apropriamus
888 4186 921 4242 et
941 4177 1104 4242 counimus
1121 4177 1222 4254 nohis,
1242 4177 1414 4242 heredibus

119 4290 151 4348 et
181 4291 418 4356 successoribus
451 4291 567 4356 nostris
601 4293 730 4369 regibus
761 4291 892 4355 Bneruie
926 4296 958 4354 et
991 4290 1134 4354 eiusdem
1170 4291 1260 4371 regui
1296 4287 1410 4355 corone

119 4397 307 4463 anctoritate
322 4402 423 4483 regali
438 4404 568 4468 Boemie
583 4404 678 4486 pleno
697 4406 780 4487 jure.
804 4404 1008 4468 presencium
1024 4403 1083 4467 sub
1103 4409 1212 4467 nostre
1235 4403 1417 4468 maiestatis

120 4508 227 4588 sigillo
260 4513 440 4579 testimonio
474 4517 663 4582 litterarum.
708 4518 825 4581 Datum
849 4517 950 4596 Prope
981 4535 1064 4581 anno
1098 4515 1219 4580 domini
1243 4515 1417 4580 millesimo
