3090 5370
216 301 258 364 34
826 297 901 347 raso.

217 525 348 586 repnunr
371 504 501 568 Boemie
530 504 571 568 ad
601 501 753 568 iudicium
785 499 951 583 spirituale
983 499 1113 583 aliquod
1135 519 1271 567 euocare
1294 519 1352 566 seu
1374 501 1508 579 trahere,

217 619 279 683 nisi
311 619 357 682 eis
387 616 485 680 fuerit
494 612 520 697 ²)
552 614 679 697 publice
710 614 837 679 iusticia
865 613 1038 694 denegata3
1069 618 1102 677 et
1123 613 1152 677 si
1175 612 1291 678 clerico
1323 613 1510 696 cuicumque

217 732 370 795 arlvcrsus
393 731 481 794 ciues
503 727 592 810 ipsos
613 725 665 792 val
685 744 797 791 eorum
819 721 992 807 alterum')
1016 724 1125 808 aliqua
1152 724 1329 808 spiritualis
1360 726 1513 808 competit

218 844 315 920 accio,
347 842 429 908 hanc
458 859 566 907 coram
594 838 745 922 episcopo
767 836 921 920 Progensi
950 843 1007 902 aut
1039 837 1109 901 eius
1135 836 1264 903 officiali
1293 843 1327 903 et
1347 858 1413 903 non
1435 838 1511 904 alibi

216 961 428 1039 prosequatur
456 950 586 1018 iusticia
616 950 786 1016 mediante.
832 946 866 1014 Si
888 955 994 1014 autem
1025 949 1123 1014 alicui
1153 949 1236 1015 laico
1265 955 1355 1016 extra
1378 969 1511 1032 regnum

218 1067 390 1133 constituto
413 1069 524 1131 contra
545 1062 686 1148 aliquem
709 1063 827 1129 ciuium
849 1061 998 1126 similiter
1020 1061 1129 1145 aliqua
1146 1062 1309 1128 videretur
1331 1069 1511 1146 competere

216 1180 315 1259 accio,
338 1179 420 1244 hanc
442 1196 548 1243 coram
574 1177 683 1260 judice
704 1180 738 1240 et
764 1175 886 1259 judicio
909 1174 1060 1253 ciuitatis,
1087 1175 1121 1240 in
1144 1194 1207 1258 quo
1230 1176 1315 1240 idem
1337 1175 1437 1242 habet
1458 1178 1512 1242 do

217 1291 382 1368 micilium,
399 1290 478 1355 iuris
493 1290 605 1355 ordine
619 1294 849 1371 prosequatur;
864 1287 1067 1370 indulgentes
1083 1294 1117 1353 et
1126 1287 1272 1354 fauentes
1288 1288 1370 1370 ipsis
1387 1289 1510 1354 ciuibus

215 1405 345 1481 nostris,
363 1408 398 1467 vt
414 1404 499 1469 bona
512 1407 546 1468 et
559 1401 780 1491 possessiones
795 1418 916 1478 eorum,
933 1400 988 1482 qui
1004 1400 1176 1487 citaciones
1191 1407 1225 1466 et
1239 1402 1506 1467 denunciationes

214 1515 554 1581 excommunicacionis
583 1519 694 1580 conus
723 1513 810 1578 ciues
833 1517 959 1579 nostros
982 1512 1033 1577 vel
1057 1512 1191 1578 clericos
1220 1512 1342 1579 iaciunt
1370 1520 1427 1580 aut
1442 1513 1507 1580 fieri

213 1632 393 1712 procurant
424 1645 482 1710 per
508 1626 649 1710 judicem
679 1625 820 1721 ciuitatis
850 1625 952 1707 ipsius
982 1630 1138 1708 occupent
1163 1630 1197 1691 et
1217 1632 1386 1705 anestent
1417 1629 1507 1692 etde

213 1741 305 1806 bonis
327 1739 436 1805 taliter
457 1739 620 1821 occupatis
642 1739 712 1820 ipse
731 1739 829 1822 judex
843 1738 884 1803 de
907 1743 994 1803 certa
1016 1739 1155 1804 sciencia
1172 1740 1352 1822 Juratorum
1369 1740 1505 1805 ciuitatis

214 1852 358 1918 eiusdem
379 1857 503 1918 tantum
525 1851 668 1934 recipiat
692 1850 777 1932 quod
793 1851 905 1932 possit,
928 1868 987 1933 pro
1009 1850 1194 1917 defensione
1216 1870 1337 1931 eorum,
1361 1853 1418 1935 qui
1440 1871 1507 1934 gra·

211 1971 337 2045 uantur,
368 1970 478 2030 contra
505 1963 588 2029 tales
618 1964 651 2029 in
672 1964 815 2029 Romana
837 1964 927 2028 curia
947 1963 999 2029 vel
1021 1962 1099 2029 alibi
1121 1963 1269 2029 sufficere
1291 1964 1325 2028 in
1347 1966 1504 2046 expensis.

212 2077 332 2143 l'ernm
353 2077 430 2161 quia
451 2075 566 2159 prefati
581 2076 670 2141 ciues
692 2076 794 2141 nostri
808 2075 986 2158 Pragemes
1008 2076 1050 2141 ad
1071 2074 1262 2141 soluendum
1281 2094 1410 2158 queque
1434 2079 1505 2142 sub

211 2191 294 2256 sidia
315 2188 363 2254 eis
384 2208 443 2271 per
463 2207 522 2254 nos
544 2189 725 2255 necessario
749 2189 906 2271 imposita
929 2189 1094 2270 hucusque
1118 2206 1254 2266 omnem,
1279 2189 1376 2271 quam'
1397 2196 1506 2271 potue

212 2300 328 2385 runt⁴)
351 2301 562 2368 exhibicionis
583 2301 866 2383 promptitudinem
889 2301 1161 2382 demonstrarunt3
1184 2300 1324 2366 exclusis
1343 2301 1506 2367 nonnullis

213 2415 310 2480 curiis
331 2420 365 2479 et
385 2413 532 2481 domibus
554 2413 587 2479 in
610 2413 681 2496 ipsa
702 2412 833 2478 ciuitate
855 2413 937 2493 sitis,
961 2414 1000 2478 ds
1023 2413 1140 2496 quibus
1161 2419 1303 2479 rectores
1325 2420 1360 2477 et
1383 2414 1505 2480 inhabi-

209 2533 330 2593 taturos
351 2544 471 2607 aarum,
493 2531 674 2591 asserentes
697 2543 732 2591 se
755 2525 892 2607 quadam
913 2526 1118 2608 prerogatiua
1132 2525 1349 2608 exempcionis
1365 2528 1504 2608 gaudere

208 2641 254 2706 nil
277 2639 452 2721 soluerunt,
474 2657 533 2722 per
555 2639 641 2721 quod
662 2638 760 2704 iidem
782 2638 870 2719 cipes
893 2638 927 2703 in
949 2638 1241 2705 contribucionibus
1271 2656 1329 2704 seu
1353 2641 1505 2706 subsidiis

210 2751 434 2834 subportandis
456 2758 490 2817 et
510 2752 603 2818 nobis
625 2750 780 2817 iaciendis
802 2750 896 2834 [tedio
918 2756 954 2815 vt
973 2750 1146 2832 plurimum
1176 2756 1253 2817 sunt
1281 2749 1406 2817 allecti:
1439 2772 1505 2832 nos,

210 2869 244 2929 vt
265 2863 327 2946 ipsi
351 2863 438 2929 ciues
461 2881 560 2930 onera
581 2862 731 2945 deinceps
754 2863 787 2928 in
809 2863 870 2928 bac
891 2869 982 2945 parta
1003 2862 1051 2928 eis
1074 2862 1295 2930 incumbentia
1316 2882 1356 2928 eo
1379 2864 1505 2931 facilius

207 2975 350 3058 perferre
372 2976 508 3055 valeant
538 2975 685 3042 volumus
713 2981 748 3040 et
776 2976 945 3059 statuendo
975 2975 1168 3055 ordinamus,
1200 2976 1284 3057 quod
1316 2976 1348 3042 in
1373 2977 1506 3043 collecta

210 3089 353 3171 qualibet
374 3090 414 3155 de
435 3088 618 3155 huiusmodi
640 3087 787 3154 domibus
809 3087 880 3153 siue
903 3088 1010 3167 curiis,
1033 3088 1126 3152 bonis
1149 3093 1181 3152 et
1202 3088 1391 3168 redditibus,
1424 3091 1506 3156 inter

208 3219 318 3267 muros
340 3200 481 3267 ciuitatis
503 3201 585 3281 sitis,
611 3200 682 3265 siue
704 3199 926 3282 spiritualibus
949 3199 1019 3265 siue
1042 3200 1240 3266 secularibus
1263 3200 1412 3282 personis
1434 3222 1505 3286 par·

207 3314 340 3394 tineent
362 3318 567 3397 preterquam
589 3314 629 3378 de
652 3311 750 3377 curiis
773 3313 813 3378 ab
835 3312 966 3396 antiquo
988 3312 1136 3378 libertate
1159 3313 1382 3395 gaudentibus
1411 3318 1505 3396 prout

207 3426 341 3492 consilio
371 3432 405 3491 et
429 3426 546 3509 juratis
575 3425 715 3491 ciuitatis
746 3430 880 3505 constat,
911 3424 1000 3489 iuxta
1029 3424 1277 3491 contribucionis
1304 3425 1504 3506 exigenciaur

205 3539 346 3605 debitam
376 3539 532 3621 recipiant
560 3537 753 3621 porcionem,
784 3536 865 3602 nulli
894 3536 1065 3603 relaxando
1095 3538 1223 3619 penitus
1250 3537 1301 3602 vel
1331 3540 1503 3620 parcendo.

205 3652 355 3717 Preterea
378 3651 553 3717 ordinando
575 3651 756 3730 statuimus,
787 3655 821 3716 et
843 3649 876 3715 id
899 3649 1004 3731 ipsum
1027 3650 1086 3715 sub
1109 3651 1240 3715 obtentu
1263 3651 1371 3731 graue
1393 3660 1504 3718 nostre

203 3764 397 3846 precipimus
419 3765 460 3831 ab
481 3763 628 3829 omnibus
651 3762 895 3844 inperpetuum
925 3761 1057 3827 firmiter
1087 3763 1263 3842 obseruari,
1295 3770 1329 3827 it
1359 3763 1441 3829 nulli
1463 3765 1503 3829 de

206 3880 310 3941 cetero
334 3877 422 3941 ciues
444 3881 571 3941 nostros
593 3892 809 3958 quoscunque,
833 3875 887 3956 qui
910 3874 994 3939 bona
1009 3875 1129 3956 absque
1145 3874 1339 3956 inpetitione
1356 3875 1503 3957 qualibet

204 3988 291 4052 iuxta
305 3994 391 4053 terre
407 3988 668 4054 consuetudinem
682 4005 741 4069 per
755 3986 898 4068 spacium
921 3987 1017 4052 trium
1033 4005 1188 4051 annorum
1211 3992 1244 4051 et
1266 4005 1321 4050 sex
1344 3989 1504 4053 mensium

202 4106 383 4180 tennerunt,
406 4101 447 4165 ad
465 4102 539 4184 jura
561 4101 631 4164 siue
650 4099 772 4183 judicia
793 4098 1005 4179 prouincialia
1027 4117 1124 4180 super
1146 4099 1252 4164 causis
1270 4104 1303 4163 et
1317 4100 1504 4165 accionibus

203 4210 444 4296 quibuscunque
473 4232 610 4278 euocare
632 4230 689 4277 seu
711 4210 853 4275 iudicare
880 4209 1082 4293 aliquatenus
1105 4211 1139 4276 in
1162 4211 1293 4290 eisdem,
1324 4212 1382 4277 sed
1405 4231 1504 4295 super

204 4321 310 4386 causis
338 4328 371 4387 et
399 4325 581 4389 accionibus
611 4322 779 4407 quibusuis
809 4340 886 4399 erpa
920 4322 1007 4385 ciues
1043 4322 1208 4388 ciuitatum
1238 4330 1421 4388 nostrarum
1452 4327 1502 4390 eis

205 4434 456 4514 corrrpetantibus
486 4454 591 4502 coram
618 4435 727 4519 judice
749 4432 899 4513 cirritatis,
932 4432 963 4499 iu
987 4451 1050 4517 ‹prra
1074 4432 1170 4499 iidem
1197 4434 1330 4501 iecerint
1354 4438 1503 4504 residen-
