3068 5160
688 367 762 416 isac.
1308 368 1367 432 231

73 578 104 638 2.
131 572 250 636 bienna
268 573 349 634 1413
366 572 392 636 d.
414 571 499 642 131).
521 571 588 634 Nos
604 576 719 649 autem,
744 571 846 654 quiin
862 572 999 637 culmine
1016 573 1180 652 dignitatis
1197 593 1324 640 cesaree
1340 581 1374 640 et

71 686 197 763 regalis
220 703 328 748 sumus
352 684 509 748 altissimo
533 684 719 765 disponente
746 684 851 762 locati,
875 684 951 748 licet
972 702 1010 748 ex
1034 686 1141 749 innato
1164 686 1371 768 benignitatis

72 799 252 863 clemencia
275 802 307 860 et
330 797 483 877 assumpti
508 815 583 859 cura
606 796 770 876 regiminis
794 796 833 861 ad
856 796 1077 860 uniuersorum
1093 794 1212 862 Christi
1226 799 1368 864 fidelium

71 910 353 991 tranquillitatem,
370 909 479 973 felices
492 927 658 973 successus
670 915 703 973 et
718 909 850 972 comoda
861 909 978 988 iugiter
989 910 1153 975 intendere
1165 910 1369 989 delectamur,

72 1023 229 1105 precipue
252 1029 358 1085 tamen
382 1022 421 1084 ad
443 1021 570 1085 illorum
591 1021 768 1102 profectum
791 1027 823 1085 et
846 1025 935 1102 grata
953 1023 1050 1102 pacis
1067 1027 1168 1086 status
1188 1027 1220 1086 et
1241 1021 1371 1087 honoris

72 1135 267 1216 compendia
289 1134 420 1214 speciali
445 1140 529 1198 certe
559 1132 669 1197 fauore
692 1139 801 1197 nostra
823 1135 951 1198 assidue
975 1134 1122 1215 dignatur
1145 1134 1291 1199 inclinari
1322 1154 1372 1199 se-

73 1249 208 1325 renitas
234 1265 313 1328 qiios
337 1246 586 1310 clarissimorum
605 1265 716 1326 regum
731 1246 860 1310 Boemie
883 1252 915 1310 et
936 1246 1207 1327 predecessorum,
1223 1248 1371 1329 progeni-

72 1365 181 1423 torum
198 1364 380 1423 nostrorum
393 1358 494 1423 felicis
509 1359 646 1424 recordii
661 1358 827 1439 plantauit,
848 1357 988 1422 conlouit
1002 1365 1035 1422 et
1049 1359 1206 1438 educauit,
1224 1361 1372 1439 potencia

73 1478 108 1536 et
131 1471 268 1536 celebris
298 1471 440 1551 ipsorum
470 1470 691 1535 ruunieifencie
722 1489 843 1550 manus,
874 1475 982 1552 vtpote
1004 1471 1085 1536 bene
1108 1470 1249 1549 meritos
1272 1472 1371 1552 priui-

73 1585 171 1665 legiis
195 1589 228 1647 et
249 1583 372 1646 iuribus
404 1583 518 1647 extulit
546 1583 720 1648 honoribus
751 1589 783 1647 et
812 1583 928 1664 graciis
954 1582 1175 1664 multipliciter
1197 1582 1370 1648 redimiuit.

73 1698 135 1761 Ast
158 1697 259 1759 eciam
283 1695 412 1758 sinistre
435 1696 531 1758 sortis
555 1713 705 1759 occursus
728 1695 761 1759 in
783 1696 878 1759 huius
894 1695 984 1776 regni
1000 1695 1101 1759 nostri
1116 1696 1301 1761 hereditarii
1315 1715 1370 1777 ge·

73 1807 180 1872 nerali
196 1808 352 1871 disturbio
376 1809 478 1871 omnis
503 1813 603 1871 status
627 1813 659 1870 et
682 1807 875 1872 condicionis
899 1807 1083 1871 inuoluente
1107 1808 1226 1888 passim
1248 1813 1282 1873 et
1302 1814 1369 1872 tur-

74 1922 173 1985 bante
203 1938 357 2000 personas
381 1921 531 1983 damnose
554 1919 713 1999 oppressit
735 1924 768 1983 et
789 1919 985 1984 munimenta
1013 1919 1191 1984 litterarum
1213 1925 1246 1988 et
1267 1921 1367 2002 priui-

74 2033 235 2113 legiorum
252 2032 401 2096 hincinde
416 2032 449 2094 in
465 2031 672 2113 pluribusque
688 2031 768 2095 locis
784 2031 894 2095 hostili
910 2050 1005 2096 manu
1020 2032 1155 2111 ademit;
1176 2032 1283 2114 itaque
1298 2052 1369 2114 pre-

75 2145 216 2209 latorum
248 2144 366 2207 ciuium
396 2143 609 2208 racionalibus
640 2149 672 2208 et
701 2143 794 2206 iustis
828 2144 1118 2224 supplicacionibus
1151 2143 1371 2209 fauorabiliter

75 2262 264 2335 annuentes
288 2263 322 2320 vt
346 2258 377 2321 in
401 2256 462 2320 fide
486 2261 518 2320 et
539 2255 714 2320 deuocione
737 2275 814 2336 erga
827 2256 1026 2321 maiestatem
1045 2261 1185 2321 nostram
1205 2262 1294 2320 tanto
1317 2256 1369 2321 fir-

76 2369 160 2432 mius
185 2374 218 2432 et
241 2368 374 2432 solidius
398 2371 613 2448 pemeuerent,
638 2372 756 2450 quanto
779 2386 814 2433 se
837 2387 856 2432 a
878 2375 987 2433 nostra
1002 2367 1190 2433 celsitudine
1212 2369 1370 2432 senserint
1404 2367 1407 2374 '

75 2481 260 2544 lnriusmodi
284 2480 504 2560 grandissimis
526 2478 690 2544 beneficiis
713 2484 746 2543 et
768 2479 884 2560 graciis
907 2481 1024 2544 nedum
1040 2479 1230 2559 consolatos,
1254 2480 1310 2544 sed
1329 2480 1369 2545 de

76 2612 161 2658 nouo
186 2592 330 2670 donatos
354 2593 504 2656 vniuersa
526 2597 559 2656 et
582 2591 708 2672 singula
726 2592 808 2674 jura,
840 2591 1019 2673 priuilegia,
1046 2591 1221 2670 libertates,
1244 2593 1368 2673 gracias

76 2711 108 2768 et
131 2704 270 2768 honores
293 2722 312 2766 a
334 2702 465 2785 prefatis
488 2703 562 2767 diue
585 2703 736 2767 memorie
756 2704 1036 2786 predecessoribus
1059 2708 1091 2768 et
1112 2705 1369 2785 progenitoribus

77 2817 206 2894 nostris
226 2815 356 2879 Boemie
379 2816 518 2896 regibus,
535 2833 686 2879 concessa
699 2820 732 2880 et
748 2834 914 2880 concessas
930 2823 963 2880 et
978 2816 1011 2880 in
1026 2818 1234 2899 transumptis
1249 2837 1368 2882 merno-

78 2929 156 2992 ratis
173 2933 206 2990 et
221 2928 367 3008 superius
384 2927 551 3007 descriptis
567 2926 764 2992 luculencius
780 2946 931 3008 expressa
945 2935 977 2993 et
992 2947 1159 3010 expressas
1175 2931 1208 2994 in
1224 2931 1370 2995 omnibus

77 3048 110 3103 et
132 3039 270 3120 singulis
293 3058 403 3103 eorum
426 3044 458 3103 et
480 3058 589 3103 earum
613 3039 792 3118 sentenciis
824 3041 959 3121 punctis,
987 3040 1130 3105 articulis
1153 3047 1186 3106 et
1208 3042 1369 3120 clausulis

77 3170 201 3215 necnon
226 3152 470 3216 consuetudines
493 3157 524 3215 et
547 3151 771 3216 obseruancias
794 3151 970 3217 laudabiles
993 3171 1050 3232 per
1072 3152 1160 3234 ipsos
1180 3154 1267 3217 ciues
1291 3153 1371 3216 anti-

78 3264 187 3346 quitus
210 3263 270 3327 rite
285 3269 318 3327 et
332 3264 414 3327 iuste
431 3264 625 3342 obseruatus
649 3263 754 3327 animo
778 3265 962 3343 deliberato,
979 3282 1120 3347 sanoque
1136 3264 1278 3329 fidelium
1297 3282 1372 3327 nos-

77 3384 201 3439 trorum
217 3377 386 3439 accedente
403 3377 535 3440 consilio
552 3381 584 3440 et
600 3376 638 3438 de
655 3380 741 3439 certa
756 3381 866 3440 nostra
881 3377 1019 3441 sciencia
1037 3376 1240 3458 presentibus
1255 3375 1371 3439 litteris

77 3488 196 3552 nostris
213 3488 310 3552 inseri
327 3488 547 3551 rnandauirnus
564 3493 596 3551 et
610 3487 844 3565 innouauimus,
864 3487 1101 3567 ratificauimus
1125 3486 1371 3568 approbauimus

77 3606 108 3664 et
131 3599 400 3677 confirmauimus,
424 3599 623 3677 innouamus
646 3598 849 3677 ratificamus
873 3600 1085 3681 approbamus
1108 3603 1141 3662 et
1162 3598 1279 3662 virtute
1298 3616 1369 3679 pre·

77 3712 221 3776 sancium
250 3712 410 3792 imperiali
440 3717 472 3775 et
501 3711 602 3793 regali
624 3711 813 3776 auctoritate
839 3710 1070 3789 confirmamus,
1102 3711 1180 3792 ipsis
1203 3710 1300 3774 robur
1321 3709 1369 3772 in-

78 3842 268 3888 concussum
297 3823 474 3888 liberaliter
504 3822 712 3888 conferentes.
757 3822 880 3887 Idcirco
910 3823 1103 3904 precipimus
1134 3821 1314 3887 districcius
1337 3825 1370 3884 et

78 3935 266 4000 mandamus
296 3937 441 4000 omuibus
472 3942 504 4000 et
534 3935 669 4016 singulis
699 3933 888 4000 officialibus
918 3936 1036 4000 nostris
1059 3940 1092 4000 et
1115 3933 1236 3998 cunctis
1262 3938 1371 3997 nostre

79 4047 198 4111 dicioni
220 4047 381 4126 subiectis,
405 4053 561 4128 quatenus
584 4047 745 4128 predictos
769 4049 856 4112 ciues
879 4053 1005 4112 nostros
1028 4049 1061 4112 in
1082 4046 1213 4129 prelatis
1229 4046 1371 4129 ipsorum

76 4159 211 4240 juribus
235 4159 425 4240 priuilegiis,
449 4159 659 4237 libertatibus
683 4159 867 4239 honoribus,
891 4161 1017 4242 graciis,
1041 4159 1323 4226 consuetudinibus
1338 4163 1372 4224 et

80 4270 298 4336 obseruanciis
324 4271 506 4336 nullatenus
529 4271 704 4353 impediant
727 4278 782 4335 aut
803 4273 999 4354 perturbent,
1023 4273 1076 4337 uel
1099 4273 1201 4338 eciam
1222 4270 1372 4354 impediri

82 4389 134 4448 aut
155 4383 337 4464 perturbari
360 4385 537 4463 admittant,
562 4384 618 4448 sed
640 4389 875 4463 manuteneant,
898 4390 1067 4466 protegant
1084 4383 1255 4450 efficaciter
1269 4386 1303 4449 at
1316 4382 1368 4451 do·

83 4493 212 4560 lendant
235 4495 294 4559 sub
309 4514 391 4575 pena
406 4501 532 4559 centum
548 4514 725 4561 marcarum
741 4498 810 4560 auri
825 4497 897 4578 puri
919 4516 976 4578 pro
1001 4515 1126 4563 camera
1140 4501 1251 4563 nostra
1270 4512 1336 4581 regi
