3068 5160
173 379 236 441 150
784 373 860 421 rare.

161 587 255 667 jice'm
282 604 324 663 po
353 589 406 641 {aa
433 579 534 640 z't‘cota
566 578 580 638 i
609 600 652 639 aa
675 575 802 660 pfipod
828 576 929 649 marti,
959 575 1153 658 astauocajc‚
1182 576 1215 634 le
1244 572 1387 637 amati
1406 573 1462 636 loto

167 720 183 758 z
207 693 386 778 obycctelric
416 690 467 754 bez
487 689 675 773 pcaledniho
697 690 843 771 perimi
870 710 892 751 a
914 685 965 749 bez
982 686 1188 772 pffrozenpicla
1210 684 1353 761 deceta
1372 691 1463 769 pozzi-

168 807 281 870 stalost
305 806 381 888 jede
403 807 457 865 mci
484 801 658 886 apadnoati
683 804 813 886 procem
835 799 998 883 de'ditny'm
1020 822 1063 862 na
1086 797 1229 883 nejblt'iit'
1243 797 1403 882 peteme
1420 798 1464 862 ab

176 920 357 982 deterret-eni
382 919 488 998 prdra
509 912 642 977 Stdrelto
671 917 766 975 meta
787 910 974 975 Prdiakedro.
1018 909 1157 974 Nadctaa'
1186 910 1257 973 tolto
1285 915 1373 974 malie
1395 912 1465 974 catti

213 1030 289 1093 udalr
309 1050 405 1112 pouze
427 1037 486 1103 ten,
510 1027 572 1090 lado
592 1027 745 1088 ammtem
766 1028 833 1108 trpi
846 1023 983 1087 bernero
1002 1047 1025 1087 a
1045 1021 1196 1087 οὸοοηίηιί
1212 1024 1424 1106 poarddcami.

272 1255 412 1319 Karolus
434 1258 566 1335 quartus
589 1253 700 1317 diuina
727 1250 855 1315 fauente
878 1251 1053 1316 clemencia
1066 1251 1283 1317 Romanorum
1298 1251 1463 1332 imperator

169 1387 295 1447 semper
317 1372 472 1446 augustus
501 1371 534 1428 et
556 1364 687 1430 Boemie
709 1383 776 1429 rex.
814 1362 932 1427 Notum
961 1362 1096 1428 facimus
1125 1369 1238 1429 tenore
1268 1364 1462 1446 presencium

169 1479 338 1556 uniuersis,
369 1477 455 1559 quod
485 1476 705 1542 desiderantes
734 1475 891 1558 profectui
921 1475 1057 1541 Minoris
1091 1476 1232 1541 ciuitatis
1261 1482 1374 1542 nostre
1396 1477 1461 1540 Pra-

169 1591 278 1671 geusis
301 1609 378 1654 cura
398 1590 528 1670 benigni
543 1588 663 1653 fauoris
679 1589 854 1667 intendere,
877 1589 924 1652 ita
937 1594 972 1653 rt
985 1588 1056 1654 eius
1072 1589 1161 1653 ciues
1176 1594 1210 1654 et
1225 1588 1343 1668 incole,
1358 1588 1461 1655 fideles

170 1703 282 1780 nostri,
306 1703 488 1766 celsitudini
504 1701 605 1783 regali
621 1702 753 1767 Boemie
767 1720 806 1765 co
821 1701 952 1784 quidem
974 1701 1091 1766 melius
1106 1700 1229 1765 seruire
1244 1701 1385 1782 valeant,
1408 1720 1461 1784 quo

170 1815 340 1895 benignius
370 1814 489 1879 fuerint
518 1815 605 1896 regie
634 1814 837 1879 liberalitatis
867 1813 1043 1878 clemencia
1075 1812 1242 1891 consolati,
1275 1820 1462 1896 quapropter

170 1928 276 1991 animo
306 1925 491 2004 deliberato,
526 1945 604 1991 sano
637 1927 826 2008 principum,
856 1926 1013 1991 baronum
1047 1945 1085 1991 ac
1118 1943 1287 2008 procerum
1317 1927 1461 2009 regulet

170 2059 287 2105 corone
299 2040 440 2118 Boemie,
457 2046 638 2104 nostrorum
654 2038 806 2116 fidelium,
825 2039 997 2103 accedente
1012 2038 1157 2119 consilio,
1173 2039 1367 2104 auctoritate
1381 2039 1461 2121 regia

170 2152 310 2231 Boemie,
342 2152 382 2216 de
413 2157 500 2215 certa
529 2158 639 2217 nostra
661 2151 800 2215 sciencia
829 2157 862 2216 et
891 2151 980 2233 regie
1006 2151 1207 2217 celsitudinis
1229 2151 1341 2233 gracia
1361 2151 1460 2232 singu·

172 2266 232 2330 lari
262 2265 454 2347 supradictis
486 2265 620 2342 ciuibus,
643 2264 825 2342 heredibus,
856 2263 1106 2342 successoribus,
1139 2264 1324 2345 posteritati
1347 2270 1382 2329 et
1402 2261 1459 2329 rni-

169 2379 316 2443 uersitati
346 2397 457 2443 eorum
479 2383 512 2442 et
533 2377 638 2441 eidem
673 2376 791 2440 llinori
822 2377 946 2440 ciuitati
968 2376 1133 2457 Pragensi,
1160 2393 1220 2441 nec
1250 2394 1316 2441 non
1345 2375 1460 2442 inhabi-

168 2492 336 2570 tatoribus,
368 2491 422 2573 qui
453 2495 528 2553 sunt
556 2488 607 2553 rel
638 2508 696 2570 pro
726 2494 870 2569 tempore
899 2487 1028 2569 luerint,
1060 2487 1295 2570 infrascriptam
1327 2490 1459 2571 graciam

170 2603 349 2682 pronubis,
372 2602 544 2666 heredibus
562 2607 596 2664 et
614 2601 852 2665 successoribus
874 2601 995 2666 nostris
1017 2601 1147 2683 regibus
1168 2600 1302 2667 Boemie
1324 2601 1459 2671 fecimus

171 2714 314 2777 dedimus
338 2721 370 2779 ct
393 2714 617 2792 concessimus
650 2713 793 2791 facimus,
817 2714 929 2777 damus
952 2720 986 2778 et
1008 2713 1211 2778 concedimus
1233 2713 1460 2796 imperpetuum

171 2824 288 2889 virtute
318 2826 519 2906 presencium
549 2827 704 2905 graciose,
740 2824 890 2889 videlicet
920 2826 1006 2907 quod
1038 2843 1162 2889 exnunc
1187 2825 1326 2906 ,inantea
1359 2843 1461 2891 omnes

172 2942 204 2999 et
234 2938 350 3017 singuli
382 2940 469 3002 ciues
499 2958 556 3002 seu
588 2939 818 3003 inhabitatores
848 2938 933 3002 dicte
962 2938 1098 3002 llinoris
1124 2938 1265 3004 ciuitatis
1298 2939 1461 3021 Pragensis

170 3054 203 3112 et
225 3049 359 3130 quilibet
388 3052 540 3131 ipsorum,
564 3051 697 3116 heredes
728 3058 761 3115 et
790 3068 992 3115 successores
1023 3051 1073 3115 sui
1103 3051 1339 3132 imperpetuum
1370 3051 1462 3116 libere

170 3163 294 3242 possint
327 3169 359 3226 et
389 3164 516 3228 valeant
550 3165 716 3228 rniuersas
747 3170 780 3229 et
811 3162 954 3244 singulas
987 3164 1226 3243 possessiones,
1261 3163 1461 3241 hereditates

171 3275 392 3356 proprietates,
416 3276 545 3355 allodia,
569 3295 674 3357 agros,
699 3294 822 3354 census,
846 3275 1000 3353 redditus,
1027 3275 1138 3340 domos
1160 3280 1192 3339 et
1214 3275 1300 3340 bona
1322 3294 1384 3342 sua
1404 3295 1464 3341 mo·

170 3387 248 3450 bilia
271 3394 304 3452 et
327 3388 510 3466 immobilia,
543 3389 575 3452 irr
599 3389 840 3471 quibuscunque
871 3389 967 3452 rebus
998 3388 1183 3466 consistant,
1214 3389 1303 3453 intus
1326 3396 1361 3454 et
1382 3395 1466 3454 extra

170 3500 287 3564 dictam
310 3501 467 3567 Minorem
498 3502 661 3566 ciuitatem
684 3502 876 3582 Pragensem
906 3506 962 3564 aut
983 3499 1070 3573 alibi,
1094 3501 1274 3582 rbicunque
1301 3501 1385 3566 talia
1409 3502 1465 3566 sita

169 3620 353 3693 noscuntur,
378 3615 620 3697 quibuscunque
643 3615 745 3678 eciam
768 3614 892 3695 possint
913 3613 1077 3677 vocabulis
1093 3613 1264 3692 designari,
1290 3615 1465 3696 cuicunque

169 3727 306 3790 seculari
329 3727 492 3795 dumtaxat
514 3726 636 3791 homini
660 3746 715 3790 sou
736 3745 871 3806 persone
888 3726 1034 3804 rendere,
1059 3724 1176 3806 legare,
1200 3724 1331 3805 donare,
1354 3724 1467 3791 testari

169 3843 203 3900 et
221 3839 308 3902 iuxta
324 3857 381 3901 sue
397 3839 571 3903 voluntatis
587 3840 754 3903 arbitrium
771 3838 919 3902 ordinare
936 3839 1004 3902 iure
1020 3837 1214 3902 hereditario
1237 3838 1466 3919 possidendum

171 3946 257 4011 iuxta
279 3950 359 4027 iura,
390 3968 494 4014 mores
517 3956 550 4014 et
573 3951 818 4014 consuetudines
843 3950 943 4031 ipsius
971 3951 1105 4015 llinoris
1130 3950 1271 4014 ciuitatis
1296 3951 1468 4033 Pragensis

171 4065 300 4122 actenus
325 4062 364 4124 ab
388 4064 517 4144 antiquo
541 4069 683 4142 tempore
704 4063 900 4127 obseruatus
925 4063 957 4126 Si
975 4069 1081 4126 autem
1096 4062 1236 4144 aliquem
1259 4081 1318 4128 seu
1341 4063 1468 4146 aliquos

170 4185 208 4228 ex
231 4169 324 4234 dictis
356 4171 479 4237 ciuibus
510 4192 567 4236 seu
599 4175 865 4239 inhabitatoribus
896 4176 1037 4255 predicte
1069 4175 1204 4239 llincris
1228 4175 1373 4240 ciuitatis
1395 4177 1469 4241 Pra-

169 4280 287 4357 gensis‚
317 4282 395 4345 viris
425 4293 457 4349 et
482 4286 680 4365 mulieribus,
712 4288 780 4350 sine
812 4287 996 4367 donacione,
1028 4295 1229 4366 testamento,
1261 4288 1469 4354 ordinacione

169 4406 226 4453 seu
250 4391 472 4476 disposicione,
496 4417 560 4463 non
583 4399 703 4463 relictis
727 4400 892 4481 rtriusque
916 4418 1009 4463 sexus
1031 4399 1196 4480 legittimis
1219 4398 1407 4480 heredibus,
1431 4401 1470 4465 ab

170 4502 230 4567 hae
252 4503 323 4567 luce
347 4505 483 4585 migrare
507 4512 691 4592 contigeret,
723 4522 840 4575 extunc
861 4515 1010 4577 rniuerse
1030 4520 1063 4576 et
1085 4512 1211 4593 singule
1233 4513 1471 4592 possessiones
