3090 5370
117 349 182 412 «230
730 341 804 391 1477.

117 554 281 628 dignitatis
296 550 414 615 subditi
427 557 459 613 et
472 547 574 613 incole
587 548 731 612 eiusdem
740 546 880 612 ciuitatis
888 545 1069 629 Pragensis,
1081 552 1251 629 presentes
1262 551 1296 611 et
1307 544 1417 625 futuri,

117 666 235 746 optime
252 664 365 728 merito
389 662 458 726 iure
481 660 707 742 peculiaribus,
729 659 942 740 libertatibus,
966 659 1177 741 dignitatibus
1191 664 1226 724 et
1239 659 1417 725 honoribus

118 776 324 857 amplissimis
347 774 465 852 donati,
490 773 631 838 decorati
653 778 687 838 et
708 772 855 837 honorati
872 773 1023 851 existunt,
1047 772 1164 855 quibus
1179 771 1339 837 hactenus
1361 791 1417 854 pro

116 889 246 953 honoris
262 892 443 968 augmento,
459 904 582 968 proque
597 886 764 950 honestate
786 885 976 966 reipublice
993 885 1095 966 ipsius
1115 883 1258 949 ciuitatis
1274 891 1415 961 vtuntur,

117 1002 264 1065 fruuntur
286 1005 319 1064 et
341 999 491 1079 gaudent.
536 998 668 1063 Accedit
691 998 731 1061 ad
752 997 822 1075 hec,
846 997 932 1079 quod
954 996 1179 1062 serenissimus
1202 1000 1237 1061 et
1259 997 1416 1063 excellen-

116 1114 260 1178 tissimus
283 1113 441 1194 princeps,
465 1110 612 1175 dominus
635 1109 828 1188 Fridericus,
851 1109 1067 1174 Romanorum
1088 1110 1264 1191 imperator
1290 1127 1417 1192 semper

117 1230 273 1306 augustus
285 1229 355 1302 etc,
373 1223 520 1288 dominus
536 1228 569 1287 et
583 1223 837 1304 consanguineus
853 1227 961 1288 noster
980 1221 1174 1300 carissimus,
1191 1221 1417 1288 animadvertit

117 1340 201 1403 dicte
223 1336 356 1402 Maioris
387 1334 527 1399 ciuitatis
558 1338 665 1399 nostre
688 1336 859 1417 Pragensis
891 1334 1018 1400 fidelem
1041 1340 1073 1398 et
1098 1338 1258 1415 promtam
1279 1341 1361 1429 aput
1381 1352 1414 1401 sa

116 1468 243 1530 semper
265 1447 460 1529 obsequendi
483 1447 690 1526 voluntatem,
722 1447 808 1529 quod
830 1465 889 1511 sua
911 1447 1068 1511 serenitas
1090 1445 1254 1530 plerisque
1284 1448 1415 1529 premiis

117 1563 230 1641 dignos
254 1578 309 1625 eos
332 1578 404 1624 esse
427 1561 595 1624 attendens
615 1578 652 1624 ac
668 1559 824 1641 cupiendo
848 1559 979 1624 eosdem
1000 1558 1061 1638 bis,
1086 1577 1287 1643 quecumque
1302 1561 1413 1627 honori

117 1675 181 1738 iam
203 1673 287 1739 dicte
303 1671 418 1737 Maiori
442 1672 567 1737 ciuitati
590 1676 698 1737 nostre
713 1671 868 1753 Pragensi
891 1671 1114 1749 conducerent,
1138 1689 1305 1751 exornare,
1330 1690 1413 1737 arma

120 1805 176 1850 sen
207 1785 347 1866 insignia
376 1786 528 1866 ipsorrnn,
560 1803 621 1866 que
648 1783 768 1848 dudum
792 1783 987 1862 obtinebant,
1019 1783 1186 1848 videlicet:
1215 1789 1285 1850 tres
1311 1791 1412 1851 turres

120 1902 287 1978 argenteas
319 1897 497 1975 meliorare,
529 1896 680 1962 decorare
710 1902 743 1961 et
773 1897 939 1962 omaciora
961 1895 1087 1961 efficere
1110 1896 1264 1977 decrerit,
1296 1898 1413 1963 eisdem

117 2010 259 2075 turribus
281 2011 345 2074 iarn
368 2010 525 2075 inauratis
540 2009 685 2074 addendo
709 2015 741 2074 et
763 2009 966 2090 adiungendo
981 2008 1133 2074 vexillum
1154 2010 1246 2075 aurei
1269 2010 1361 2076 rubei
1384 2016 1412 2076 et

118 2122 182 2187 albi
199 2122 350 2201 colorum,
374 2123 500 2203 galeam¹
513 2140 610 2204 supra
626 2127 759 2201 scutum,
784 2122 817 2186 in
839 2140 903 2205 qua
918 2139 1067 2187 coronam
1082 2121 1331 2203 imperatoriam,
1354 2125 1410 2189 duo

121 2234 230 2300 leones
254 2233 318 2301 albi
342 2253 475 2299 coronas
501 2253 615 2300 aureas
630 2235 785 2300 babentes
800 2239 910 2300 tenere
930 2235 1178 2316 conspiciuntur,
1202 2235 1249 2300 sic
1265 2236 1411 2318 quemad·

118 2347 247 2412 modurn
262 2346 371 2413 littera
385 2346 529 2412 eiusdem
552 2347 673 2412 domini
693 2347 895 2428 imperatoris
919 2346 1026 2429 sigillo
1049 2347 1229 2413 maiestatis
1250 2347 1410 2414 obfirmata

119 2478 254 2542 cumque
269 2460 396 2542 pictura
410 2459 444 2524 in
460 2461 572 2524 eadem
587 2461 708 2524 inserta
723 2459 807 2523 clare
822 2460 1019 2524 demonstrat
1034 2465 1068 2525 et
1086 2458 1235 2537 ostendit,
1253 2480 1351 2542 quam
1364 2460 1411 2525 lio

118 2577 220 2635 teram
241 2571 293 2636 his
316 2571 433 2637 litteris
449 2573 568 2637 nostris
585 2572 684 2637 inseri
699 2571 852 2636 iussimus
867 2578 901 2637 et
915 2572 1061 2655 sequitur
1079 2571 1113 2637 in
1135 2571 1195 2636 beo
1210 2573 1326 2639 rerba:
1349 2572 1411 2637 Wir

119 2681 284 2747 Fridem'cb
307 2688 367 2748 etc.
413 2684 599 2768 (Nasleduje
632 2687 725 2749 aneni
747 2684 917 2767 privilegia
942 2684 1044 2750 eisaie
1066 2684 1232 2749 Fridricha
1254 2685 1313 2751 III.
1336 2686 1409 2751 dani

120 2813 140 2856 u
156 2792 258 2873 vojstb
274 2813 293 2857 v
308 2794 374 2874 poli
390 2814 410 2858 u
425 2794 533 2878 Neysu
550 2795 597 2876 pii
614 2795 706 2878 Ry‘nu
723 2796 754 2860 9.
770 2794 886 2860 demna
902 2796 987 2861 1475
1003 2795 1059 2861 dis.
1077 2797 1149 2876 174,
1166 2816 1185 2860 v
1197 2796 1293 2879 jeboi
1309 2798 1409 2862 stiedu

120 2906 202 2986 novy'
215 2904 295 2969 analo
306 2906 448 2990 mestskqi
460 2909 574 2988 opdtne
586 2907 775 2989 vymalovdn
786 2925 821 2971 se
834 2906 967 2988 ualeat.)
979 2906 1080 2973 Nobis
1092 2908 1200 2991 itaque
1212 2909 1409 2974 honorabiles

119 3017 271 3099 magister
287 3017 406 3084 ciuium
428 3026 461 3084 et
484 3019 667 3085 consulatus
691 3019 872 3101 supradicte
887 3019 1020 3084 Maioris
1043 3020 1184 3085 ciuitatis
1210 3028 1320 3087 nostre
1343 3023 1410 3086 Pra-

118 3129 236 3212 gensis,
253 3130 363 3196 fideles
375 3132 477 3197 nostri
490 3131 609 3210 dilecti,
626 3150 685 3196 suo
697 3137 731 3196 et
744 3131 848 3197 tocius
861 3132 1096 3196 communitatis
1108 3133 1236 3197 nomine
1253 3133 1411 3199 humiliter

118 3242 389 3325 supplicauerunt,
422 3249 579 3327 quatenus
609 3244 650 3309 de
681 3242 896 3309 beneficencia
927 3250 1036 3309 nostra
1059 3243 1147 3326 regia
1172 3244 1236 3308 iam
1259 3245 1410 3310 dictorum

116 3374 279 3421 armorum
301 3375 358 3421 seu
381 3357 592 3438 insigniorum
621 3356 765 3421 eiusdem
797 3355 937 3420 ciuitatis
968 3355 1238 3434 melioracionem,
1270 3357 1411 3422 decorem

116 3474 149 3532 et
171 3474 319 3535 ornatum
341 3487 472 3534 cesarea
493 3470 682 3534 auctoritate
706 3468 870 3535 detumet
893 3487 1078 3535 concessum
1101 3474 1279 3550 acceptare,
1304 3487 1411 3551 appro-

117 3579 194 3645 bare
225 3585 258 3645 et
287 3586 396 3646 nostro
426 3582 515 3664 regio
547 3600 704 3647 consensu
735 3582 931 3646 communire
958 3583 1171 3663 dignaremur.
1216 3578 1285 3645 Nos
1310 3582 1413 3664 itaque

118 3699 253 3773 pensata
274 3711 401 3775 semper
424 3694 582 3759 constanti
605 3697 638 3759 et
659 3692 821 3759 indefessa
843 3692 997 3758 fidelitate
1021 3713 1057 3758 ac
1080 3691 1245 3772 obsequiis
1271 3693 1412 3774 promtis,

118 3805 236 3886 quibus
251 3804 338 3870 ciues
361 3810 394 3869 et
414 3804 535 3869 incolas
550 3804 633 3870 dicte
649 3805 790 3870 ciuitatis
806 3805 898 3870 nobis
915 3824 986 3870 oum
1001 3804 1249 3886 perseuerancia
1263 3806 1413 3870 assistere

118 3933 229 3981 sumus
259 3917 499 3998 expatiantis
530 3918 593 3981 iarn
620 3916 714 3981 dictis
737 3918 881 3999 graciose
904 3918 1084 3983 annuimus.
1129 3915 1332 3997 Quapropter·
1354 3936 1415 3981 non

118 4043 176 4105 por
197 4046 348 4108 errorem,
376 4035 432 4094 aut
453 4028 640 4111 improuide,
670 4029 727 4094 sed
749 4030 855 4095 animo
879 4029 1066 4108 deliberato,
1090 4046 1168 4093 sano
1191 4047 1361 4110 procerum
1384 4034 1416 4093 et

117 4135 254 4203 aliorum
276 4147 458 4206 nostrorum
477 4141 618 4207 fidelium
634 4142 806 4206 accedente
822 4142 966 4222 consilio,
983 4159 1022 4205 ex
1039 4146 1126 4205 certa
1140 4144 1251 4205 nostra
1266 4141 1416 4217 sciencia,

119 4249 309 4315 auctoritate
323 4253 413 4335 regia
431 4272 593 4319 armorum
609 4272 666 4318 seu
682 4254 905 4335 insigniorum,
930 4273 992 4336 que
1013 4253 1158 4334 predicta
1173 4251 1279 4317 Maior
1303 4254 1417 4318 ciuitas

119 4363 229 4423 nostra
242 4360 412 4443 Pragensis
432 4365 550 4431 dudum
567 4365 740 4445 obtinebat,
757 4367 947 4430 auctoritate
967 4364 1127 4447 imperiali
1145 4364 1418 4441 melioracionem,

116 4469 265 4535 decorem
295 4478 328 4537 et
356 4477 458 4554 magis
488 4481 682 4558 prestantem
706 4482 862 4554 ornatum,
886 4477 1152 4558 quemadmodum
1174 4475 1285 4542 littera
1307 4477 1418 4559 sigillo
