3068 5160
728 365 804 417 ress.
894 353 897 360 '
1125 354 1127 359 '
1371 367 1414 433 93
1437 323 1439 328 λ

116 573 293 654 Pragenses
314 571 418 637 edicto
442 569 570 651 publico
592 569 742 636 duxerint
762 568 978 653 infligendam.
995 570 1160 638 senentes
1174 571 1277 639 eciam
1291 574 1414 641 eisdem

116 685 240 750 ciuibus
262 683 487 767 Pragcusibus,
517 686 552 748 vt
579 683 614 748 in
642 681 717 748 eliis
746 682 943 766 quibuslibet
971 682 1114 767 negociis
1145 685 1413 768 commoditatem,

114 796 291 879 profectum
313 814 350 862 ao
373 813 540 862 commune
568 795 687 861 bonum
709 794 812 877 ipsius
835 794 976 861 ciuitatis
1005 796 1270 864 concernentibus
1293 799 1411 866 consti·

114 910 269 988 tuoioues,
301 915 421 976 statuta
450 913 484 974 et
513 907 734 973 ordinaciones
763 905 869 973 fecere
890 907 1028 989 valeant,
1058 913 1154 990 prout
1182 908 1231 979 eis
1252 909 1415 977 ridebitur

115 1022 229 1088 melius
253 1022 413 1104 expedire,
436 1020 585 1086 volumus
606 1024 724 1101 minen,
750 1020 837 1104 quod
857 1019 1001 1103 predicte
1022 1025 1131 1087 nostre
1154 1021 1261 1103 gracie
1282 1027 1318 1089 et
1339 1041 1414 1089 con·

114 1134 278 1200 cessiones
310 1152 348 1199 aa
377 1133 485 1200 omnia
515 1138 636 1200 statuta
663 1150 722 1215 per
751 1131 840 1215 ipsos
870 1132 959 1221 ciues
987 1132 1166 1214 Pragensee
1193 1132 1349 1215 faciende,
1380 1139 1415 1202 vt

114 1246 318 1328 premittitur,
335 1246 451 1311 durare
465 1250 499 1310 et
511 1245 637 1312 roboris
652 1243 835 1311 firmitatem
849 1243 968 1311 babere
985 1244 1123 1313 debeant
1144 1245 1298 1312 duntaxat
1311 1263 1413 1330 usque

114 1360 152 1424 ad
175 1366 288 1425 nostre
309 1358 545 1440 beneplacitum
564 1357 738 1424 voluntetis
753 1361 787 1422 et
800 1357 902 1423 donec
922 1357 1036 1424 eadem
1057 1373 1208 1440 expresse
1229 1357 1414 1441 duxerimus

116 1472 305 1539 reuocanda.
336 1471 542 1537 Presencium
572 1470 631 1537 sub
659 1474 770 1536 nostre
792 1469 969 1536 maiestatis
991 1467 1099 1553 sigillo
1120 1468 1305 1536 testimonio
1327 1468 1414 1537 litte·

115 1602 231 1650 rarum.
277 1584 396 1648 Datum
418 1584 452 1649 iu
474 1580 696 1649 Frsnkeniurd
725 1598 810 1649 anno
839 1580 960 1648 domini
989 1580 1162 1647 millesimo
1188 1581 1414 1649 trecentesimo

117 1696 380 1779 quinquagesimo
409 1699 533 1779 quarto,
563 1694 743 1762 indiccione
772 1693 918 1778 septima,
940 1691 1026 1760 XVI.
1055 1692 1210 1761 incudes
1235 1692 1413 1775 Februarii,

120 1826 288 1891 regnorum
311 1813 493 1873 nostrorum
516 1825 599 1873 anno
622 1812 748 1874 octauo.

217 1987 301 2041 Liber
318 1986 523 2042 vetustissimus
540 1985 743 2056 privilegiorum
760 1987 784 2043 d.
802 1991 853 2042 993
871 1991 921 2041 stt.
938 1991 972 2041 ⁶1
990 2001 1007 2040 r
1024 1983 1136 2040 arebiru
1153 2001 1189 2040 m.
1206 1983 1297 2056 Prahy
1307 2000 1349 2041 ¹ss
1365 1988 1412 2040 nt·

125 2083 201 2149 picem
220 2081 343 2151 „Littera
364 2089 544 2137 mercatorum
566 2081 686 2139 ciuitatis
709 2080 865 2151 Pragansis,
887 2079 1047 2150 quodsum
1063 2079 1168 2151 hospes
1185 2094 1241 2136 non
1257 2085 1331 2136 emat
1349 2094 1416 2150 erga

128 2176 221 2232 alium.“
236 2208 271 2217 —
282 2177 373 2231 Pelzei
384 2176 452 2231 Karl
465 2175 513 2231 der
524 2176 625 2232 Vierte.
636 2174 813 2232 Urlrundenb.
831 2174 879 2231 Nr.
888 2173 1024 2231 bxxvu
1033 2204 1068 2215 -
1077 2155 1167 2244 desit?
1178 2173 1296 2244 ptskled
1305 2174 1414 2231 v-knire

131 2269 219 2334 ,bers
235 2272 372 2327 roslidnrt“
391 2291 406 2325 z
424 2271 482 2326 XV.
502 2272 595 2327 stoieti
616 2277 664 2327 str.
689 2276 722 2326 to
740 2287 757 2324 r
774 2270 918 2326 bibliotdce
939 2269 1063 2340 kapitoly
1079 2267 1282 2340 vysshrsuske.
1300 2297 1334 2309 -
1351 2269 1414 2325 List

130 2370 165 2418 teu
181 2365 298 2436 potrrdii
315 2367 388 2422 cisci
406 2366 536 2435 Sigmund
552 2385 570 2422 r
585 2367 671 2422 Praze
689 2373 731 2422 26.
751 2381 835 2437 crpus
854 2371 930 2421 1436.

695 2606 760 2692 Cis.
782 2625 836 2693 58.

303 2807 408 2876 1354.
444 2807 502 2874 18.
524 2806 649 2875 ledus.
683 2805 900 2876 Frsnkmt
921 2804 998 2877 nad
1018 2804 1236 2877 diobanem.

138 2978 203 3051 Krai
222 2989 320 3053 Κανά
343 2987 399 3050 IV.
422 2989 565 3073 barizujc
593 2988 743 3073 rycbtdr‘c',
773 2987 933 3054 toaclam
960 2989 978 3052 ἱ
1004 2990 1053 3053 adi
1081 2987 1149 3054 obos'
1168 2986 1296 3055 Navdbo
1317 2990 1415 3053 mista

140 3089 303 3175 bosseto,
328 3100 389 3186 uby
409 3100 609 3165 zocbovdcoic'
630 3104 752 3166 enecent
772 3099 841 3166 obre
863 3099 1093 3178 &crmdstekd
1115 3105 1148 3165 re
1169 3102 1303 3166 sesima
1321 3100 1417 3186 kupci
1490 3096 1492 3101 ’

149 3260 152 3267 .
176 3215 275 3279 mobou
299 3215 376 3277 vc‘eti
398 3212 533 3298 obcbody
551 3235 648 3297 poure
671 3213 794 3279 domdci
814 3211 980 3299 obyvotcle',
1002 3213 1120 3278 locato
1143 3215 1265 3279 mom
1286 3217 1362 3298 opt

221 3387 360 3452 Karolus
383 3387 435 3453 dei
458 3387 566 3469 gracie
580 3387 797 3452 Romanorum
819 3405 876 3452 rex
898 3405 1025 3470 semper
1046 3391 1202 3469 augustus
1227 3392 1261 3453 et
1281 3386 1414 3452 Boemie

141 3503 226 3564 rex...
245 3499 356 3582 judici,
374 3549 382 3565 .
399 3548 407 3564 .
427 3500 543 3582 juratis
566 3505 600 3565 et
621 3499 745 3565 ciuibus
767 3497 859 3564 Neue
890 3498 1032 3566 ciuitatis
1053 3498 1234 3582 Pregensis,
1264 3496 1414 3565 fidelibus

140 3611 235 3676 soson
257 3611 395 3691 dilectis,
419 3611 559 3692 graciam
581 3612 703 3695 regiam
717 3616 751 3677 et
763 3629 858 3678 omne
871 3610 1001 3679 bonum.
1023 3609 1107 3690 Quia
1126 3609 1276 3678 fidelibus
1295 3610 1414 3677 nostris

139 3713 243 3788 dilectis
267 3724 392 3790 ciuibus
415 3724 546 3789 Maioris
570 3724 711 3790 ciuitatis
732 3728 842 3798 nostre
859 3722 1031 3806 Pragensis
1051 3728 1183 3808 propter
1203 3723 1307 3807 ipsius
1328 3721 1415 3790 utili·

138 3833 217 3901 eon
238 3840 273 3902 et
295 3836 472 3918 proiectum
488 3855 525 3902 ac
538 3837 658 3903 bonum
681 3854 847 3905 commune
869 3836 1014 3919 graciose
1033 3836 1249 3904 concessimus
1262 3841 1297 3902 et
1309 3834 1415 3903 indul·

135 3943 228 4030 simus,
251 3954 287 4014 vt
308 3949 372 4030 ipsi
394 3949 549 4032 quasdem
571 3949 802 4029 ordinaciones,
827 3949 1075 4016 constituciones
1096 3953 1131 4017 et
1151 3952 1282 4028 statuta,
1296 3953 1330 4015 et
1342 3966 1416 4031 prs·

130 4061 228 4125 sertim
250 4079 291 4126 ne
313 4061 457 4142 hospites
472 4068 506 4127 et
520 4061 663 4127 extranei
684 4066 887 4143 mercatores,
910 4061 966 4146 qui
988 4079 1053 4128 non
1074 4062 1215 4145 gaudent
1235 4060 1307 4129 iure
1325 4058 1415 4127 ciuili

128 4171 258 4239 ciuitatis
281 4173 434 4254 ipsomm,
457 4174 577 4240 ibidem
598 4174 632 4239 in
649 4173 754 4256 Praga
774 4173 858 4240 inter
878 4192 916 4240 ee
937 4179 1048 4241 mutuo
1071 4178 1179 4243 emant
1199 4171 1251 4240 vei
1265 4173 1414 4253 vendant,

123 4283 220 4352 iacere
236 4285 366 4351 valeant
387 4291 420 4350 et
442 4285 529 4351 licite
553 4286 703 4365 ordinari,
719 4291 814 4368 prout
828 4304 939 4352 eorum
958 4286 1115 4353 industrie
1129 4285 1290 4353 videbitur
1303 4284 1414 4353 atilius

119 4398 268 4480 expedire
290 4402 325 4462 et
346 4397 429 4463 siout
452 4398 484 4462 in
514 4397 631 4463 litteris
662 4397 781 4464 nostris
810 4397 992 4479 patentibus
1015 4397 1153 4482 desuper
1181 4398 1230 4465 eis
1253 4396 1415 4466 concessis

115 4511 242 4594 plenius
266 4509 457 4577 continetur.
480 4509 680 4594 Quapropter
701 4510 793 4576 vobis
815 4509 937 4577 seriose
956 4511 1150 4579 comittimus
1172 4518 1206 4578 et
1227 4510 1415 4578 mandamus
