3068 5160
167 312 211 375 68
793 313 868 360 1342.

169 522 414 603 quibuscunque
437 514 675 598 quomodolibet
697 515 876 592 cohercere,
898 514 955 579 sed
976 515 1088 596 pocius
1105 515 1195 595 ipsos
1210 516 1245 579 in
1261 516 1310 579 eis
1326 513 1464 578 omnibus

170 641 203 698 et
232 637 375 715 ipsorum
406 628 551 712 quolibet
583 628 761 709 graciosins
791 645 991 704 conseruare,
1024 626 1139 690 harum
1168 634 1354 692 nostrarum
1383 628 1463 690 testi-

171 747 279 810 monio
302 745 494 809 litterarum.
524 740 643 804 Datum
664 738 872 803 Wrntislanie
894 741 927 803 in
948 738 1002 803 die
1024 739 1127 803 suncti
1148 738 1308 805 Johennis
1328 739 1463 820 Baptiste

170 875 254 922 anno
278 855 399 920 domini
420 853 594 918 millesimo
615 853 840 917 treoentesimo
863 850 1107 933 quadragesimo
1130 852 1283 917 mcundo.

275 1017 358 1070 Liber
382 1016 586 1071 vetustissimus
609 1014 811 1083 privilegiorum
835 1017 927 1068 &993
952 1022 1001 1068 stt.
1019 1020 1035 1066 1
1052 1031 1070 1066 r
1087 1015 1160 1068 arch.
1186 1032 1220 1068 nu
1242 1014 1392 1082 Prahy.'-
1412 1014 1462 1065 List

171 1121 217 1167 ten
236 1111 354 1181 potvrdil
371 1111 444 1165 cisni
461 1109 591 1179 Sigmnnd
608 1128 625 1162 r
642 1109 728 1164 Prue
745 1115 788 1163 26.
807 1125 891 1178 srpna
910 1114 986 1163 1136.

750 1316 891 1400 31144.
932 1377 938 1387 .

485 1509 587 1578 1342.
621 1507 678 1576 28.
700 1506 890 1593 prosince.
911 1506 1157 1575 Thionsvitle

174 1685 257 1747 Kro'l
278 1682 346 1747 Jon
368 1683 522 1767 schoolcq'e
552 1684 697 1765 opatieuo'
723 1678 918 1743 markrabcite
939 1679 1044 1742 Korlo
1066 1679 1158 1762 proti
1186 1678 1322 1762 kcqrcrim
1344 1679 1461 1743 Nouim-

323 1795 463 1880 berelcy'm
483 1817 518 1858 ue
541 1793 659 1878 emyclu
679 1795 801 1856 merent
820 1794 977 1855 1133111131
999 1790 1174 1875 haecum
1195 1791 1334 1855 rectaene.

278 1971 441 2036 Johnnnes
475 1971 527 2035 dei
560 1969 669 2050 gracia
702 1967 832 2032 Boemie
870 1986 926 2032 rex
960 1985 996 2031 ee
1030 1983 1135 2030 eomes
1168 1966 1465 2048 Lucemburgensis.

174 2084 292 2148 Notum
315 2103 387 2149 esse
409 2083 555 2148 volumus
577 2081 746 2158 uniuersis
770 2098 842 2144 curn
864 2078 1033 2161 predileeti
1055 2078 1143 2143 ciues
1166 2078 1267 2142 nostri
1292 2079 1466 2160 Pregenses

174 2197 310 2279 quedam
340 2203 460 2262 statute
482 2201 515 2260 et
536 2193 756 2257 ordinaciones
779 2191 882 2256 literis
911 2191 1118 2273 primogeniti
1145 2191 1247 2254 nostri
1277 2192 1468 2258 marchionis

175 2310 319 2376 iiorauie
354 2309 553 2375 confirmatas
586 2310 696 2366 tenere
727 2302 789 2365 sint
824 2301 1006 2385 obligati¹),
1037 2322 1172 2385 quorum
1198 2308 1292 2367 tenor
1327 2306 1469 2387 sequitur

175 2424 207 2487 in
231 2424 290 2489 hec
313 2422 425 2487 verba:
455 2417 521 2480 Nos
543 2413 681 2478 Karolus
704 2431 749 2478 oc.
796 2413 983 2500 (Ntsleduje
1009 2417 1065 2482 list
1092 2415 1296 2480 merkrabete
1319 2417 1421 2482 Karia
1442 2417 1469 2480 d.

175 2556 213 2600 ve
229 2533 401 2600 Vratislavi
424 2529 475 2593 24.
499 2526 615 2590 tervna
639 2526 720 2589 1342
744 2523 771 2590 ὅ.
793 2527 861 2596 433
884 2528 928 2594 Et
942 2548 1001 2595 nos
1017 2529 1179 2595 Johennes
1203 2525 1300 2611 rest)
1317 2536 1352 2595 et
1367 2547 1470 2595 comes

176 2647 376 2728 supradictus
407 2639 513 2704 omnia
533 2644 567 2703 et
589 2638 715 2719 singulo
738 2640 770 2703 in
793 2639 895 2706 literis
923 2649 1073 2708 contenta
1102 2643 1318 2726 approbamus
1341 2650 1376 2708 et
1399 2644 1470 2708 roti-

176 2760 306 2822 ficamus
336 2773 372 2818 nc
401 2752 520 2815 nostn's
548 2769 704 2816 consensu
734 2759 768 2816 et
794 2753 957 2818 voluntem
987 2774 1059 2821 esse
1089 2754 1172 2821 facte
1201 2758 1470 2837 recognoscimus,

175 2867 318 2932 volentes
341 2865 443 2929 eciem
466 2881 537 2927 cum
553 2864 727 2944 premissis
751 2869 785 2928 vt
800 2864 992 2949 quicumque
1015 2868 1209 2933 contrarium
1231 2866 1412 2950 fecerintsst
1437 2874 1471 2932 ut

175 2980 208 3043 in
230 2979 371 3042 futurum
400 2975 553 3040 facientes
576 2977 616 3040 ad
639 2977 834 3042 solucionem
864 2979 997 3044 emendo
1019 2998 1078 3060 per
1101 2980 1202 3045 dictos
1233 2980 1322 3045 ciues
1346 2988 1471 3046 nostros

175 3089 376 3171 superposite
399 3088 468 3152 sine
491 3090 599 3172 aliqua
625 3091 879 3155 contrudiocione
910 3097 1087 3171 arceantur,
1119 3109 1216 3172 super
1238 3110 1303 3174 quo
1326 3094 1361 3157 in
1384 3095 1471 3159 testi·

174 3201 315 3265 monium
345 3206 510 3281 presentes
540 3203 664 3268 litteras
691 3208 799 3266 nostro
823 3203 930 3283 sigillo
953 3202 1085 3268 fecimus
1108 3204 1308 3270 communiri.
1354 3207 1470 3271 Datum

175 3314 208 3377 in
223 3312 441 3376 Theonisuilla
464 3315 595 3380 subbato
618 3322 690 3396 post
714 3315 890 3379 natiuitatis
913 3315 1034 3379 domini
1056 3333 1139 3379 anno
1155 3315 1275 3381 domini
1299 3318 1471 3383 millesimo

175 3422 270 3489 000ο
292 3426 535 3508 quadragesimo
559 3428 708 3493 secundo.

278 3562 360 3616 Liber
376 3565 581 3618 vetustissimus
600 3564 801 3633 privilegiorum
820 3567 842 3618 i.
861 3571 911 3618 333
932 3572 978 3618 str.
993 3571 1024 3618 16
1043 3565 1181 3618 varchiru
1193 3583 1228 3620 m.
1240 3565 1341 3635 Prahy.
1360 3567 1384 3619 V
1400 3567 1473 3636 kopii

174 3659 202 3710 te
220 3659 333 3712 zeittek
352 3659 444 3728 listiny
458 3661 487 3728 je
506 3662 583 3714 teleto
602 3660 758 3714 skomolen:
780 3663 800 3717 't
819 3659 952 3727 quosdam
971 3666 1093 3714 statutus
1111 3669 1138 3715 et
1156 3659 1367 3717 ordinunciones
1386 3663 1471 3717 literis

175 3752 347 3822 primogeniti
364 3757 451 3809 nostri
470 3756 633 3811 marchionis
646 3755 770 3809 Monunio
789 3756 874 3809 teneri
893 3756 948 3809 sint
965 3754 1138 3810 confirmatas
1158 3758 1179 3822 ²)
1192 3755 1284 3808 schtzt
1304 3759 1325 3824 ³)
1342 3757 1474 3812 fecerunt.

742 3984 806 4064 os.
829 4000 882 4064 45.

558 4174 661 4241 1343.
694 4173 749 4240 13.
775 4175 926 4241 terune.
960 4171 1095 4238 Prone

174 4337 351 4404 Morkrobc'
368 4345 468 4408 Kurct
495 4349 653 4430 potcrzuje
675 4347 822 4430 cysonii-i,
854 4345 1011 4408 kocuielrinc
1036 4346 1048 4406 ι’
1071 4350 1117 4407 co'c'
1138 4344 1205 4408 οὖσί
1231 4343 1353 4411 37313110
1375 4352 1475 4412 mesta

174 4451 348 4518 Praetorio
365 4456 418 4518 list
432 4467 492 4518 otcc
514 4461 601 4522 sce'lco
618 4460 705 4522 knuto
727 4458 826 4534 Jana,
849 4458 935 4542 clony'
960 4481 975 4520 v
992 4458 1090 4520 Proze
1113 4457 1172 4520 dne
1188 4457 1239 4520 15.
1256 4465 1370 4522 cernua
1386 4461 1473 4522 1341
