3090 5370
809 356 883 407 1318.

775 545 839 628 (lis.
864 565 915 629 11.

566 735 670 804 1318.
705 736 738 804 2.
755 737 948 804 dervense.
983 734 1120 803 Proba.
1209 777 1212 782 -

197 927 276 990 Kra‘l
292 925 360 991 Jan
374 924 552 1012 oevobozujc
566 927 703 1010 roddany
720 926 857 990 Prosae
876 926 917 990 od
926 927 1057 1009 placcat
1072 925 1161 990 boa-ni
1173 949 1217 991 aa
1233 926 1296 991 dod
1312 928 1376 992 leta
1399 953 1420 992 a
1438 953 1502 1014 po

193 1044 318 1125 stapuje
332 1041 398 1126 jim
419 1041 467 1104 te‘i
485 1037 632 1124 cybiram'
648 1039 697 1101 clo
714 1039 755 1101 al
756 1063 767 1100 c
763 1037 909 1124 oaqeltu
927 1061 944 1101 a
959 1037 1132 1124 rozlil‘nycb
1153 1043 1218 1103 odoi
1238 1039 1278 1105 do
1301 1044 1398 1106 mata
1427 1045 1498 1126 prb-

195 1152 338 1237 oezcay'clt
359 1175 403 1216 aa
426 1161 491 1216 tolo
514 1151 577 1214 doe*
593 1151 664 1224 Icta
691 1151 858 1234 porreoodi
875 1174 928 1215 mu
949 1174 968 1216 o
990 1159 1043 1215 dos
1063 1151 1207 1216 maamad
1228 1152 1324 1239 valby
1345 1154 1501 1219 dorovalr‘

357 1276 361 1283 '
550 1264 615 1325 500
639 1288 659 1326 o
681 1265 834 1349 zopdjc‘ili
853 1265 940 1329 2500
961 1265 1023 1350 kop
1043 1289 1092 1351 pr.
1115 1272 1139 1329 ὅ.

297 1437 363 1502 Nos
385 1436 549 1503 Johannes
579 1439 632 1502 dei
662 1440 770 1520 gracia
792 1439 923 1504 Boemie
945 1445 979 1505 et
999 1440 1131 1505 Polonie
1161 1460 1216 1505 rex
1239 1460 1276 1505 ac
1299 1442 1496 1506 Lucembur-

195 1552 303 1633 gensis
328 1569 444 1616 comes.
489 1550 606 1615 Notum
629 1551 762 1616 facimus
785 1552 944 1618 uniuersis
966 1559 1133 1634 presentes
1155 1553 1266 1618 literas
1289 1553 1494 1636 inspecturis,

195 1664 279 1746 quod
302 1664 378 1745 quia
401 1664 488 1728 ciues
513 1665 614 1728 nostri
630 1664 807 1745 Pragenses
822 1664 862 1729 ad
877 1665 1078 1746 presencium
1101 1666 1297 1747 agendorum
1312 1672 1494 1731 nostromm

195 1784 358 1858 urgentem
381 1776 615 1855 necessitatem,
640 1756 735 1858 quam
756 1777 899 1859 proxime
914 1778 1068 1860 preterita
1083 1798 1205 1860 gwerra
1219 1779 1253 1844 in
1268 1798 1369 1860 regno
1385 1785 1493 1844 nostro

194 1889 329 1953 faciente
359 1889 487 1952 malicia
515 1895 695 1970 temporum
725 1888 850 1954 diucius
872 1890 1011 1955 excitata
1039 1890 1197 1972 produxit
1220 1910 1278 1973 per
1300 1897 1392 1973 grate
1421 1892 1494 1956 sub

195 2001 359 2065 concionis
383 2001 560 2066 subsidium
590 2002 748 2068 dederunt
771 2003 864 2068 nobis
887 2003 1077 2086 quingentas
1109 2022 1284 2086 sexagenas
1308 2023 1492 2085 grossorum

195 2121 227 2178 et
250 2121 476 2179 mutuauerunt
498 2135 561 2179 non
585 2115 655 2180 sine
685 2116 777 2197 grand
801 2115 943 2197 ipsorum
966 2116 1166 2182 incommodo
1190 2117 1253 2182 duo
1276 2115 1382 2181 millia
1404 2117 1493 2198 quin-

196 2235 307 2306 gentas
330 2245 505 2307 sexagenas
529 2227 678 2293 similiter
699 2246 893 2309 grossorum,
920 2246 978 2294 nos
1001 2228 1145 2297 volentes
1169 2228 1294 2294 ciuibus
1318 2229 1399 2311 ipsis
1422 2248 1492 2293 cou-

195 2340 323 2418 dignam
346 2339 385 2403 de
408 2339 468 2403 hoc
490 2339 595 2405 facere
619 2359 858 2423 recompensam
881 2341 928 2406 eis
952 2342 992 2407 ab
1015 2342 1101 2407 omni
1125 2347 1233 2407 steura
1259 2359 1318 2406 seu
1339 2341 1442 2408 berna
1463 2347 1493 2406 et

195 2452 267 2516 aliis
290 2452 524 2531 exaccionibus‚
556 2452 848 2518 contribucionibus
871 2460 904 2518 et
925 2453 1144 2519 solucionibus
1171 2453 1417 2544 quibuscunque
1439 2473 1493 2536 per

195 2565 274 2629 duos
305 2582 407 2629 annos
430 2583 450 2628 a
472 2563 546 2628 data
576 2564 777 2645 presencium
809 2565 1046 2648 computandos,
1077 2571 1111 2631 et
1139 2565 1321 2631 hominibus
1352 2567 1492 2649 ipsorum

195 2674 398 2741 censualibus
429 2675 462 2739 in
492 2675 585 2740 bonis
608 2682 641 2739 et
663 2675 894 2742 hereditatibus
925 2676 1068 2759 ipsorum
1097 2677 1208 2743 liberis
1234 2677 1454 2745 residentibus
1476 2699 1493 2742 a

195 2787 306 2868 primis
330 2787 452 2852 duabus
475 2787 583 2852 bernis
606 2806 663 2853 seu
687 2788 804 2853 steuris
826 2808 885 2871 per
906 2806 964 2854 nos
995 2789 1178 2855 successise
1202 2790 1235 2854 in
1257 2809 1357 2871 regno
1385 2797 1493 2856 nostro

196 2899 396 2980 imponendis
425 2899 553 2981 plenam
584 2901 788 2966 concedimus
818 2901 1009 2982 libertatem,
1040 2902 1262 2984 promittentes
1290 2902 1371 2984 ipsis
1395 2903 1494 2968 nichi-

196 3011 334 3074 lominus
358 3010 562 3076 medietatem
585 3011 669 3077 dicte
692 3018 835 3078 mutuate
857 3014 1001 3095 pecunie,
1028 3013 1153 3079 scilicet
1173 3014 1262 3080 mille
1285 3021 1318 3079 et
1340 3016 1494 3081 ducentas

196 3123 427 3205 quinquaginta
449 3141 624 3205 sexagenas
647 3141 840 3210 grossorum,
864 3126 904 3190 de
925 3125 1069 3206 proxima
1092 3126 1191 3191 bema
1214 3126 1368 3207 generali,
1400 3147 1495 3210 quam

195 3236 335 3301 indicto
360 3254 458 3317 regno
481 3242 591 3301 nostro
614 3255 673 3328 nos
697 3238 861 3319 continget
890 3237 1063 3320 imponere,
1095 3244 1128 3303 et
1153 3239 1192 3304 de
1215 3238 1360 3320 pronime
1383 3241 1495 3306 subse·

196 3349 305 3431 quenti
327 3348 426 3414 berna
447 3348 605 3432 reliquam
627 3348 839 3428 medietatem,
871 3350 1004 3415 totidem
1026 3349 1177 3416 videlicet
1205 3368 1383 3432 sexagenas
1406 3371 1495 3433 gros-

196 3480 304 3525 sorum
326 3460 461 3526 reddere
484 3466 517 3526 et
539 3461 696 3542 integram
718 3479 756 3525 ac
778 3461 906 3543 plenam
935 3462 1132 3528 solucionem
1161 3462 1266 3528 facere
1297 3464 1337 3529 de
1361 3465 1493 3530 eisdem.

195 3573 345 3639 Ceterum
375 3572 539 3654 cupientes
570 3573 694 3638 ciuibus
724 3573 877 3655 predictis
912 3574 1095 3654 concedere,
1130 3594 1193 3658 que
1223 3574 1263 3639 ad
1294 3578 1494 3642 commodum

196 3687 339 3768 ipsorum
360 3685 521 3767 pertinere
544 3693 728 3764 noscuntur,
752 3686 800 3751 eis
822 3685 1000 3751 thelonium
1023 3687 1107 3752 dicte
1130 3686 1269 3752 ciuitatis
1293 3683 1404 3755 nostre
1419 3689 1493 3753 Pra-

196 3799 313 3879 gensis
339 3797 424 3880 quod
447 3797 556 3879 ingelt
578 3797 738 3879 wlgariter
760 3798 886 3877 dicitur,
918 3799 1063 3879 graciose
1087 3799 1291 3864 concedimus
1314 3801 1493 3882 percipien-

195 3909 279 3988 dum,
310 3911 482 3976 tenendum
513 3917 545 3975 et
574 3910 755 3975 babendum
785 3931 843 3993 per
873 3911 960 3993 ipsos
989 3931 1048 3993 per
1076 3911 1241 3976 biennium
1264 3912 1494 3993 supradictum.

196 4019 232 4084 ln
255 4022 345 4087 cuius
369 4023 417 4088 rei
440 4023 658 4088 testimonium
687 4031 853 4105 presentes
884 4023 995 4089 literas
1024 4023 1094 4089 fieri
1116 4031 1149 4089 et
1171 4024 1288 4106 sigillis
1315 4025 1493 4090 maiestatis

196 4136 303 4197 nostre
334 4135 485 4198 iussimus
521 4135 718 4200 communiri.
764 4135 882 4199 Datum
912 4135 1013 4216 Prage
1047 4155 1130 4201 anno
1165 4137 1285 4202 domini
1319 4137 1491 4203 millesimo

195 4245 418 4309 trecentesimo
433 4254 546 4311 octauo
570 4246 703 4324 decimo,
728 4245 788 4310 W
802 4264 902 4311 nonas
915 4245 1006 4324 Julii‚
1028 4266 1200 4329 regnorum
1218 4267 1296 4314 uero
1311 4256 1495 4314 nostrorum

196 4371 278 4417 anno
301 4361 425 4422 octauo.

298 4506 381 4560 Liber
399 4510 601 4566 vetustissimus
620 4512 822 4581 privilegiorum
841 4515 863 4566 d.
883 4519 933 4566 993
953 4521 1000 4566 str.
1023 4521 1051 4568 19
1071 4531 1087 4567 ι·
1106 4514 1217 4568 arcliiru
1236 4531 1270 4568 m.
1288 4514 1387 4585 Praby.
