3090 5370
218 362 282 421 pgr
832 359 907 406 mon.

216 568 248 629 in
273 565 419 628 omnibus
443 563 510 626 suis
533 564 669 643 punctis,
694 560 847 640 articulis,
871 559 1024 625 clausulis
1047 566 1080 625 et
1102 559 1282 638 sententiis,
1309 565 1346 624 ut
1368 559 1510 642 superius

216 682 401 741 arrnotatnm
424 681 483 753 ost,
506 673 658 756 praefatis
681 672 932 755 pabulatoribus,
962 671 1185 753 praesentibus
1211 677 1245 736 et
1265 670 1395 750 futuris,
1425 672 1509 736 inno

218 806 345 866 ramus,
376 785 570 852 ratificamus
600 791 633 851 et
655 784 889 864 confirmamus,
912 783 1026 865 plenae
1057 791 1091 850 et
1113 784 1322 850 inconcussae
1354 785 1508 850 firmitatis

218 902 261 965 ibi
284 906 432 964 contenta
454 899 552 963 robur
573 898 691 962 habere
714 897 922 962 decernentes
945 904 978 961 et
999 896 1153 962 volentes.
1205 895 1398 961 Maudamns
1418 897 1509 979 igitur

217 1012 380 1093 magistris
414 1011 540 1089 civium,
575 1009 770 1088 consulibus,
801 1009 918 1091 juratis
941 1015 974 1072 et
1007 1009 1291 1073 communitatibus
1317 1009 1508 1075 Maiorisel

216 1123 326 1188 Novae
347 1122 510 1187 civitatum
533 1122 751 1202 Pragonsinm,
775 1120 924 1186 fidelibus
948 1123 1066 1186 nostris
1087 1120 1223 1200 dilectis,
1247 1121 1301 1203 qvi
1317 1128 1395 1187 sunt
1409 1127 1505 1203 etpro

215 1243 357 1316 tempore
379 1233 507 1313 luerint,
532 1240 567 1298 ut
587 1232 749 1315 praelatos
771 1233 976 1315 pabulatores
999 1233 1032 1296 in
1055 1251 1165 1297 eorum
1183 1233 1322 1315 juribus,
1347 1239 1505 1299 conaretu-

215 1349 344 1411 ‹linibus
368 1353 400 1411 et
422 1347 598 1428 privilegiis
622 1352 821 1426 conservent,
845 1352 1015 1428 protegant
1036 1353 1069 1412 et
1090 1352 1250 1424 tueantur,
1272 1365 1334 1410 nec
1349 1348 1391 1412 ab
1405 1346 1504 1429 aliquo

215 1479 271 1524 eos
306 1461 483 1538 invadente,
516 1460 663 1525 turbante
686 1465 719 1523 et
741 1459 938 1541 inquietante
969 1465 1026 1524 aut
1055 1459 1215 1538 invadere,
1247 1460 1380 1524 turbare
1409 1466 1443 1525 et
1463 1458 1504 1522 in

215 1574 357 1654 quietare
387 1572 513 1636 volente
542 1572 681 1655 aliquam
711 1572 892 1637 molestiam
922 1578 955 1637 et
983 1571 1215 1654 praeiudicium
1244 1568 1315 1635 fieri
1347 1571 1503 1652 patiantur

212 1692 340 1749 nostrae
363 1685 484 1765 gratiae
507 1687 567 1749 sub
590 1685 732 1750 obtentu.
778 1685 998 1750 Praesentinm
1027 1685 1086 1749 sub
1108 1683 1305 1766 appensione
1336 1685 1440 1749 nostri
1460 1703 1504 1748 re

212 1796 294 1877 galis
318 1796 417 1877 sigilli
440 1798 624 1861 testimonio
648 1797 822 1862 literarum.
856 1797 976 1861 Datum
991 1796 1113 1876 Pragae
1128 1795 1181 1859 die
1196 1795 1354 1875 vigesima
1369 1795 1502 1862 secunda

212 1909 290 1972 Maii
313 1928 395 1974 anno
411 1909 531 1974 domini
547 1909 717 1974 millesimo
734 1909 1045 1991 quadringentesimo
1066 1906 1264 1988 sexagesimo
1280 1907 1396 1988 primo,
1420 1908 1503 1990 regni

212 2023 312 2086 nostri
335 2039 417 2086 anno
441 2028 562 2103 qvarto.

313 2135 363 2199 ln
386 2134 575 2199 relationem

678 2221 799 2285 domini
821 2219 968 2300 Procopii
990 2219 1030 2284 de
1052 2217 1248 2283 Rabenstain
1271 2219 1464 2285 cancellarii.

312 2375 454 2429 Obsaleno
478 2391 494 2426 v
512 2373 670 2427 konllrmaci
694 2373 829 2442 privilegii
847 2372 1083 2441 Novomestsky'ch
1108 2372 1223 2426 cisaiem
1240 2371 1442 2426 Ferdinandeur
1459 2369 1501 2424 ΙΙΙ.

208 2471 234 2525 d.
253 2469 440 2538 vPrelpurku
459 2476 498 2522 13.
518 2469 617 2522 kritna
639 2475 705 2522 1646
724 2471 745 2535 l,
763 2473 785 2522 c.
806 2475 837 2521 79
855 2485 872 2520 r
894 2468 1005 2522 erchivu
1023 2484 1057 2521 m.
1069 2466 1166 2534 Praby.
1184 2465 1285 2520 Krome
1303 2466 1401 2521 tohoto
1419 2465 1500 2522 cisalo

210 2564 338 2634 potvrdili
354 2565 401 2618 list
419 2572 509 2618 tento:
528 2562 682 2617 Ferdinand
694 2565 715 2618 Ι.
734 2580 769 2618 na
780 2562 866 2618 hrode
877 2563 1026 2617 Praiskem
1039 2569 1063 2616 4.
1076 2562 1201 2631 prosince
1215 2567 1291 2627 1668,
1303 2559 1498 2617 Parammon

209 2658 498 2714 noviomacensis
517 2665 593 2728 1627,
616 2659 703 2712 Maris
721 2659 831 2714 Teresia
856 2675 887 2712 ve
906 2657 986 2711 l'idni
1012 2665 1052 2712 16.
1070 2661 1168 2711 cernua
1194 2662 1259 2711 1747
1279 2673 1296 2711 a
1319 2655 1499 2713 Frentiiekl

210 2771 241 2807 ve
259 2752 341 2807 l'ltlni
361 2762 400 2810 13.
418 2757 517 2809 kretna
537 2761 612 2809 1808.

756 2893 860 2977 *bra
886 2914 957 2977 roa.

467 3065 571 3136 1462.
605 3068 662 3135 11.
684 3067 873 3152 prosince.
906 3064 1250 3151 Klosterneuburg.

206 3205 337 3307 Pinaka}
374 3225 461 3285 clear
496 3221 633 3285 Bedr'iclr
666 3221 725 3285 ΠΙ.
760 3222 879 3286 odorat
913 3223 1080 3305 ιιιιιαῗυαβε,
1116 3226 1148 3283 ἕο
1185 3219 1332 3284 Pramo
1364 3216 1500 3303 opacari

204 3335 360 3399 abrolm
381 3332 480 3397 Jc'ob'm
502 3357 523 3396 a
538 3335 613 3419 jobo
634 3335 768 3419 oojokem
790 3359 806 3398 z
830 3314 904 3398 &cols
925 3358 946 3396 a
968 3333 1102 3418 Moroop
1130 3331 1267 3416 priapeia?
1295 3355 1347 3394 oro
1374 3331 1416 3394 lou
1441 3353 1492 3415 po·

203 3449 281 3513 nooci
304 3447 397 3532 proti
424 3446 590 3532 odbojay'm
620 3448 787 3510 ιιιέεῒαιιιὶιη
816 3445 1001 3531 Viderialcy'ru
1032 3469 1053 3508 a
1082 3445 1257 3510 a'lecblictloc
1287 3442 1493 3529 Rakooslcy‘m

201 3561 361 3644 polotwje
376 3560 440 3644 jioa
453 3560 581 3622 ‘rseobao
589 3559 771 3644 privilegia,
794 3559 884 3622 ktcrd
898 3557 964 3643 hylo?
977 3558 1019 3621 od
1033 3562 1157 3621 cisaitlo
1173 3538 1340 3642 Rioosky'ih
1356 3555 1493 3621 obdrieli.

205 3672 334 3736 Zolcistc'
350 3671 421 3756 palo
450 3695 546 3736 assoon
576 3671 742 3756 solandres,
765 3671 826 3757 uby
843 3693 888 3755 po
911 3671 974 3735 cele
992 3672 1054 3734 iis't'
1082 3652 1212 3734 Romae
1231 3668 1297 3755 bpb?
1325 3667 1496 3735 osoobozcni

201 3785 243 3850 od
266 3785 387 3848 ddodnr'
407 3783 456 3846 clo
478 3806 509 3846 zo
530 3783 614 3848 circii
635 3783 807 3867 krrpecke'bo
823 3807 844 3846 a
859 3781 920 3866 obp
941 3806 976 3846 oe
997 3781 1095 3845 Volci
1112 3780 1218 3866 oocbylt’
1232 3783 1372 3864 procincti
1388 3782 1496 3867 plotio

338 3895 526 3981 jalcoulcolc'o
549 3895 655 3958 ddrko
676 3918 713 3958 zo
733 3899 842 3979 pilo-oz
864 3892 920 3956 orob
943 3897 1036 3979 oy'ooz
1050 3892 1237 3978 jalceholrolc'
1256 3891 1351 3957 zboaz‘.

307 4054 489 4118 Fridericus
505 4053 614 4117 diuina
627 4052 756 4124 fauente
772 4050 945 4117 clemencia
956 4050 1171 4116 Romanorum
1183 4051 1358 4130 imperator
1373 4068 1496 4132 semper

202 4170 366 4245 augustus,
390 4164 562 4246 Hungarie,
588 4164 760 4242 Dalmacie,
785 4161 917 4228 Croacie
939 4181 985 4228 oc.
1008 4182 1064 4228 rex
1086 4181 1123 4226 ac
1139 4163 1278 4241 Ansina,
1302 4161 1411 4242 Stiria,
1435 4163 1494 4227 Ka-

201 4274 318 4341 rintlrie
333 4283 366 4340 et
381 4274 528 4342 Carniole
552 4277 624 4355 dux,
648 4277 795 4340 dominus
818 4275 958 4340 marchio
975 4273 1162 4340 Solanonice
1181 4294 1218 4339 ac
1232 4275 1349 4340 Portus
1364 4274 1494 4351 Naonis,

202 4405 307 4450 comes
337 4389 370 4451 in
399 4387 578 4471 Habspurg,
610 4388 736 4467 Tirolis,
767 4387 929 4452 Pherretis
960 4393 993 4452 et
1022 4389 1055 4450 in
1078 4387 1218 4470 Kyburg,
1251 4388 1393 4454 marchio
1417 4388 1496 4452 Bur·

200 4499 294 4580 gouie
324 4504 357 4562 et
386 4496 606 4579 lanntgrauius
636 4501 773 4567 Alsaoie.
817 4500 868 4564 Ad
891 4507 1077 4581 perpetuam
1111 4500 1158 4563 rei
1193 4500 1391 4567 memoriam.
1422 4502 1497 4567 Pra-
