3068 5160
174 369 241 435 278
789 341 864 411 1476ss

178 579 290 641 autem
325 572 447 636 literam
480 566 728 633 continuationis
761 564 918 648 qvondam
953 565 1020 630 divi
1043 565 1188 647 Georgii,
1224 567 1483 648 praedecessoris

178 687 292 765 nostri,
317 702 387 748 curu
409 683 528 746 inserto
551 680 585 744 in
608 680 720 744 eadem
748 677 929 760 privilegio,
953 697 1052 742 aurea
1074 678 1165 744 bulla
1187 679 1329 760 munito,
1354 698 1482 763 eumque

179 798 328 865 omuibus
350 795 384 860 iu
407 794 517 859 eadem
540 792 707 870 contentis,
739 810 832 872 qvam
862 790 989 855 literam
1019 791 1071 855 his
1101 791 1223 856 nostris
1254 791 1366 858 literis
1388 791 1480 858 inseri

179 910 333 976 iussimus
355 912 388 971 et
409 905 552 987 seqnitur
574 904 607 969 in
628 903 708 968 haec
730 902 844 967 verba:
869 900 1029 983 Georgius
1059 908 1120 968 etc.
1168 902 1366 988 (Nasleduje
1396 905 1481 970 zndnl

178 1021 349 1106 privilegia
367 1018 457 1083 krale
472 1016 575 1081 Jiilho
592 1016 622 1080 d.
639 1035 659 1078 v
674 1015 772 1079 Praze
787 1015 839 1079 29.
855 1013 963 1078 dubna
983 1015 1065 1079 1461
1083 1014 1110 1080 d.
1129 1016 1217 1098 159.)
1241 1017 1352 1082 Inseri
1368 1017 1480 1083 adhaec

133 1129 135 1134 ’
178 1135 332 1201 iussimus
356 1130 513 1214 quoddam
542 1127 746 1210 privilegium
770 1126 846 1191 olim
870 1127 1069 1193 serenissimi
1092 1129 1236 1210 Georgii,
1268 1129 1481 1196 antecessoris

178 1246 292 1325 nostri,
316 1244 407 1310 cuius
429 1247 521 1307 tenor
543 1239 687 1322 seqvitur
709 1238 742 1302 in
765 1238 843 1303 haec
867 1239 980 1305 verba:
1006 1239 1168 1323 Georgius
1190 1247 1253 1308 etc.
1297 1241 1481 1324 (Nasleduje

179 1363 275 1425 zndnl
297 1357 374 1421 listu
389 1353 479 1419 kralo
496 1351 599 1416 Jiilbo
616 1352 647 1416 d.
663 1371 683 1414 v
697 1351 795 1415 Praze
811 1353 840 1416 3.
857 1350 1009 1417 dervense
1026 1353 1111 1418 1459
1129 1351 1156 1418 d.
1174 1352 1264 1435 156.)
1289 1353 1361 1419 Nos
1381 1355 1480 1436 ilaqve

180 1475 304 1537 attenta
332 1467 486 1533 fidelitate
517 1470 549 1529 et
577 1464 816 1547 perseverantia
846 1464 1014 1543 constanti,
1043 1484 1104 1547 qva
1127 1466 1221 1531 nobis
1244 1465 1355 1532 dietae
1378 1466 1481 1532 Norae

182 1581 321 1648 civitatis
344 1578 514 1661 Prageusis
545 1576 668 1642 incolae
698 1576 766 1656 iugi
787 1576 956 1656 vigilantia
982 1576 1144 1643 indefesse
1170 1578 1383 1658 assistebant,
1413 1579 1481 1644 hac·

180 1702 276 1761 tenus
292 1712 414 1776 qvoqve
429 1691 581 1756 assistere
597 1707 660 1753 uon
676 1693 811 1767 cessent,
834 1687 918 1753 rotis
932 1689 1107 1754 eorundem
1122 1690 1187 1754 iam
1202 1691 1312 1771 dictis,
1335 1697 1481 1774 tanquan

181 1804 426 1873 rationabilibus
456 1802 596 1885 gratiose
626 1802 805 1865 annuimus
851 1799 1049 1883 Qvapropter
1079 1820 1144 1868 nou
1168 1822 1229 1884 per
1257 1822 1408 1870 errorem
1431 1808 1481 1868 aut

181 1918 368 2001 improvide,
392 1917 449 1982 sed
472 1916 577 1980 animo
601 1914 786 2000 deliberato,
810 1932 888 1979 sano
910 1933 1078 1996 procerum
1092 1921 1126 1982 et
1140 1915 1279 1981 aliorum
1302 1921 1481 1982 nostrorum

182 2030 325 2097 fidelium
348 2030 518 2095 accedente
541 2026 686 2106 consilio,
709 2046 748 2092 ex
771 2031 858 2092 certa
879 2032 989 2091 nostra
1011 2027 1156 2106 scientia,
1180 2029 1378 2095 auctoritate
1399 2028 1481 2110 regis

183 2160 294 2211 omnes
317 2148 349 2207 et
370 2138 515 2223 singulas
533 2141 601 2223 jam
623 2139 724 2225 dictas
747 2139 877 2220 gratias,
908 2139 1029 2220 literas,
1061 2140 1262 2222 donationes,
1295 2143 1479 2216 erectiones,

182 2254 361 2322 laudabiles
373 2253 627 2331 consvetudiues,
642 2252 874 2330 concessiones,
886 2252 1137 2334 praerogativas,
1150 2253 1387 2335 observantias,
1403 2272 1482 2320 com·

183 2385 297 2434 munes
322 2366 531 2446 emunitateS,
565 2364 740 2444 libertates,
773 2363 921 2443 bonores,
956 2370 1075 2430 statuta
1105 2384 1230 2448 qvoqve
1261 2367 1378 2434 eadem
1408 2367 1481 2452 ipsis

185 2480 307 2546 civibus
330 2478 407 2544 olim
430 2498 449 2543 a
471 2479 544 2542 diro
559 2477 689 2557 Karolo,
711 2478 925 2542 Romanorum
941 2482 974 2543 et
988 2477 1162 2544 Bohemiae
1185 2497 1272 2561 rege,
1297 2481 1481 2563 praedeces

187 2611 259 2656 sore
290 2595 408 2670 nostro,
434 2607 594 2670 concessa,
620 2589 733 2672 qvibus
746 2588 885 2671 Antiqua
907 2589 1019 2655 civitas
1042 2596 1152 2655 nostra
1168 2591 1346 2673 Prageusis
1368 2593 1483 2675 potibu-

188 2708 221 2768 et
243 2700 389 2781 refulget,
423 2700 592 2782 privilegia
621 2720 743 2784 qvoqve
773 2705 806 2766 et
831 2703 906 2784 jura
936 2702 1094 2782 universa,
1126 2722 1204 2785 qvas
1234 2708 1269 2769 et
1299 2724 1383 2788 quae
1412 2705 1481 2770 eliu

190 2813 387 2879 serenissimi
408 2813 621 2878 Romanorum
647 2819 680 2878 et
701 2813 874 2878 Bohemiae
896 2831 999 2895 reges,
1031 2818 1252 2880 antecessores
1276 2819 1392 2897 nostri,
1425 2819 1482 2897 sig·

189 2931 303 2991 nauter
332 2923 465 2991 Carolus
498 2925 600 2990 dictae
623 2926 731 2991 Novae
762 2926 899 2990 civitatis
926 2926 1084 3006 fundator,
1115 2926 1327 2994 Wenceslaus
1354 2949 1481 3013 qvoqve,

190 3038 421 3121 Sigismundus,
444 3038 622 3118 Ladislaus,
646 3039 805 3119 Georgius
821 3043 854 3102 et
868 3039 987 3103 caeteri
1002 3044 1222 3105 antecessores
1245 3043 1360 3123 nostri,
1383 3043 1482 3107 eidem

190 3152 310 3218 civitati
332 3150 441 3219 Novae
470 3151 623 3232 Prageusi
651 3150 816 3229 dederunt,
848 3157 1075 3216 concesseruut
1104 3157 1137 3216 et
1163 3153 1377 3235 coutulerunt,
1409 3157 1482 3221 haec

190 3265 325 3347 singula,
354 3265 617 3348 quemadmodum
646 3264 707 3328 rite
738 3269 770 3328 et
798 3262 1032 3328 rationabiliter
1060 3271 1296 3345 processerunt,
1325 3268 1388 3350 ipsi
1411 3268 1482 3334 civi·

188 3379 247 3445 tati
277 3385 309 3445 et
338 3380 408 3463 ejus
441 3376 564 3444 civibus
594 3382 628 3441 et
658 3376 781 3456 incoliS,
813 3376 1035 3458 praesentibus
1059 3382 1091 3440 et
1112 3376 1238 3457 futuris,
1263 3381 1483 3462 approbamus,

189 3490 391 3571 ratificamus,
415 3492 604 3556 innovamus
620 3496 653 3555 et
667 3489 839 3571 gratiosius
868 3488 1089 3553 confirmamus
1105 3489 1138 3553 in
1158 3490 1307 3556 omnibus
1330 3493 1482 3559 dictorum

188 3604 429 3686 privilegiorum
443 3603 580 3685 punctis,
605 3601 767 3681 clausulis,
791 3600 935 3666 articulis
950 3607 982 3665 et
997 3602 1165 3666 sententiis
1188 3620 1226 3666 ac
1244 3620 1317 3667 curu
1341 3606 1483 3672 omnibus

189 3716 382 3797 generaliter
396 3716 447 3779 his
463 3714 582 3780 nostris
597 3714 700 3780 literis
716 3714 856 3794 insertis,
871 3714 988 3795 taliter,
1006 3714 1073 3778 acsi
1089 3714 1195 3778 omnia
1210 3715 1275 3779 iam
1290 3715 1398 3783 duae
1412 3719 1482 3784 civi·

188 3829 381 3895 tatisNovae
393 3826 563 3910 privilegia
573 3827 623 3892 lris
636 3827 754 3892 nostris
770 3827 873 3892 literis
885 3845 1035 3909 expresse
1048 3834 1081 3892 et
1091 3827 1215 3909 integre
1227 3835 1339 3895 essent
1350 3831 1482 3907 inserta;

191 3938 398 4006 decernentes
427 3941 539 4005 eadem
569 3940 758 4006 auctoritate
780 3939 870 4020 regia
893 3940 999 4004 omnia
1019 3945 1202 4022 supratacta
1222 3941 1397 4026 privilegia
1417 3960 1483 4009 curu

191 4048 325 4130 siugulis
348 4054 382 4118 iu
412 4071 446 4118 se
478 4054 635 4118 contentis
669 4052 813 4118 obtinere
842 4052 959 4118 debere
985 4051 1120 4132 firmum,
1151 4052 1294 4117 validum
1323 4060 1359 4120 et
1380 4056 1485 4121 incon-

192 4176 318 4227 cussum
340 4165 437 4229 robur
458 4165 621 4247 perpetuis
642 4163 840 4246 temporibus
864 4164 896 4228 iu
918 4164 1077 4245 futurum3
1108 4165 1294 4248 supplentes
1325 4167 1425 4234 etiam
1448 4167 1486 4232 de

191 4275 358 4349 potestatis
381 4276 488 4357 regiae
503 4276 704 4359 plenitudiue
718 4295 849 4341 omnem.
859 4275 1027 4357 delectum,
1052 4278 1080 4342 si
1096 4278 1166 4360 qvis
1182 4277 1233 4342 his
1249 4277 1356 4345 literis
1371 4278 1487 4345 uostris

194 4389 347 4465 conceptu
369 4387 547 4469 verborum,
579 4389 848 4454 sententiarumve
878 4395 934 4453 aut
964 4389 1058 4456 aliter
1088 4391 1244 4456 obsistere
1268 4393 1384 4472 possit
1426 4389 1489 4455 Vo-

194 4491 298 4560 lumus
320 4502 486 4578 praeterea
506 4504 687 4583 praedictae
711 4501 849 4566 civitatis
872 4508 1000 4567 nostrae
1022 4501 1132 4568 Novae
1154 4503 1326 4586 hagensis
1349 4505 1437 4572 cives
1459 4509 1492 4570 et
