3068 5160
778 356 852 404 1436.

735 541 801 627 Cis.
825 560 898 625 140.

554 731 660 800 1436.
695 731 752 800 ab.
776 747 906 817 erpna.
939 729 1076 801 Proba.

170 917 265 987 Cisal*
276 920 432 1007 &procori
448 923 611 1007 potmuje
627 921 836 1005 purloucbtru,
860 922 1019 987 kooicldm
1033 921 1048 985 i
1060 924 1110 985 odi
1131 870 1199 986 obii
1218 918 1351 985 Scordo
1366 923 1459 984 mirra

169 1035 342 1098 plasmor
366 1039 517 1098 omnmo
534 1034 709 1120 pltvibqit
731 1037 788 1119 ja
807 1036 871 1119 jam
892 1037 1033 1099 maseva
1051 1015 1167 1098 mmor
1187 1057 1209 1098 a
1231 1033 1362 1099 ordove
1383 1012 1459 1098 &aa

751 1144 873 1210 bdellii.

274 1346 496 1428 sigismundus
519 1345 629 1411 diuina
651 1344 778 1411 fauente
799 1345 973 1412 clemencia
987 1351 1047 1412 etc.
1071 1344 1174 1428 Super
1193 1345 1346 1412 thronum
1362 1345 1459 1413 excel·

170 1458 272 1525 lencie
295 1452 470 1540 imperialis
486 1462 520 1523 et
533 1459 621 1540 regie
643 1459 753 1524 diuine
775 1458 1028 1541 dispensacionis
1045 1459 1253 1541 prouidencia
1273 1459 1459 1536 residentes,

170 1571 246 1636 licet
268 1571 409 1635 omnium
431 1575 464 1636 et
485 1570 683 1652 singulomm
704 1577 813 1637 nostre
835 1571 954 1636 dicioni
972 1570 1212 1636 subessencium
1231 1571 1461 1638 cummulandis

171 1688 203 1747 et
236 1682 463 1746 conseruandis
500 1681 694 1764 profectibus
728 1682 873 1764 graciose
906 1683 1074 1765 dignamur
1105 1682 1289 1764 intendere,
1328 1684 1460 1767 quodam

171 1802 276 1859 tamen
311 1793 460 1875 specialis
492 1795 695 1877 prerogatine
724 1793 838 1860 affectu
861 1794 990 1860 illorum
1018 1795 1293 1877 tranquillitatem,
1331 1795 1460 1861 comoda

172 1912 205 1972 et
219 1906 357 1971 honores
373 1905 574 1987 vigilanciori
596 1907 702 1972 animo
725 1924 902 1989 propagare
918 1910 951 1972 et
967 1924 1158 1972 conseruare
1180 1907 1363 1988 statuimus,
1386 1924 1462 1991 quos

172 2019 308 2084 celebris
330 2018 566 2101 preeminencie
589 2019 705 2100 gradus
722 2018 838 2084 ceteris
853 2017 986 2100 pretulit
1001 2038 1038 2084 ac
1052 2019 1176 2084 illibate
1191 2018 1266 2084 fidei
1281 2019 1463 2085 constancia

173 2131 408 2213 obsequiorum,
433 2149 560 2213 qnoque
582 2136 673 2212 grata
695 2131 849 2196 sedulitas
876 2131 994 2196 nostris
1019 2131 1276 2213 progenitoribus
1299 2137 1335 2198 et
1355 2132 1462 2216 prede

173 2243 352 2309 cessoribus
368 2261 405 2308 ac
425 2248 534 2308 nostre
557 2244 722 2307 serenitati
745 2243 987 2323 commendauit,
1010 2245 1199 2326 perpensius
1222 2249 1255 2309 et
1275 2243 1460 2327 principalis

172 2355 392 2422 munificencia
414 2352 591 2436 magnificis
614 2355 728 2436 dignos
748 2354 839 2420 donis
855 2354 969 2436 efficit3
993 2339 1128 2438 duorum
1150 2356 1252 2421 eciam
1274 2357 1384 2437 decus,
1406 2356 1461 2420 vti·

172 2469 246 2533 litas
270 2475 302 2533 et
324 2469 427 2551 gloria
448 2471 556 2532 nostre
579 2467 741 2532 maiestati
763 2472 796 2532 et
817 2486 916 2549 regno
932 2468 1089 2547 decorem,
1112 2467 1248 2533 fructum
1264 2473 1298 2534 et
1311 2467 1461 2534 honorem

174 2581 356 2661 generalem
378 2579 510 2645 inducit.
556 2577 639 2645 Sane
661 2598 719 2661 pro
742 2583 833 2662 parte
855 2580 1001 2661 magistri
1025 2580 1153 2660 ciuium,
1180 2581 1371 2662 juratorum,
1394 2598 1463 2644 con-

175 2692 296 2770 sulum,
331 2710 453 2757 necnon
483 2692 706 2756 rniuersorum
736 2693 855 2756 ciuium
884 2692 1056 2774 peculiaris
1086 2697 1195 2757 nostre
1224 2691 1359 2758 Maioris
1390 2692 1463 2758 cini-

131 2795 134 2805 ’
174 2803 251 2867 tatis
272 2804 451 2884 Pragensis,
476 2823 538 2887 que
559 2804 701 2886 profecto
725 2805 927 2870 dilectissimi
944 2811 977 2870 et
989 2804 1175 2869 hereditarii
1197 2804 1300 2869 nostri
1314 2803 1486 2876 Bohemie¹

175 2916 275 2997 regni,
301 2916 354 2981 vbi
384 2916 507 2981 etrite
537 2917 694 2998 originem
724 2936 762 2982 ac
792 2918 981 2995 omnimode,
1008 2935 1071 2999 qna
1101 2914 1272 2998 fungimur,
1303 2916 1465 3000 dignitatis

174 3029 313 3093 fomenta
347 3047 405 3094 nos
440 3029 620 3111 suscepisse
654 3029 806 3110 fatemur,
840 3029 1025 3112 metropolis
1055 3035 1089 3094 et
1119 3035 1213 3110 caput
1242 3030 1408 3112 egregium
1436 3033 1466 3092 et

175 3141 374 3206 celsitudinis
398 3146 506 3204 nostre
536 3140 654 3222 regalis
685 3142 801 3205 solium
832 3159 904 3206 esse
927 3142 1111 3223 dinoscitur,
1143 3161 1277 3221 morum,
1307 3142 1415 3224 legum
1437 3145 1467 3205 et

176 3253 386 3317 sciendarum
417 3252 561 3316 claritate
584 3258 739 3332 omatum,
770 3254 852 3336 rude
878 3258 1040 3336 tamqnam
1069 3255 1109 3320 ab
1139 3260 1208 3319 orto
1239 3272 1367 3336 semper
1388 3255 1466 3318 vira-

176 3370 283 3430 scente
306 3384 344 3429 ac
366 3364 486 3445 irriguo
510 3365 542 3428 in
566 3365 706 3447 reliquas
734 3366 878 3431 eiusdem
900 3368 991 3448 regni
1014 3368 1161 3432 ciuitates
1192 3371 1224 3431 et
1255 3371 1365 3448 partes
1388 3364 1468 3430 irno-

134 3527 136 3532 .
176 3484 265 3542 tuum
296 3476 474 3541 honestatis
504 3482 594 3558 grata
624 3478 788 3542 deriuatur
818 3478 956 3559 abertas,
990 3486 1099 3544 nostre
1133 3479 1299 3544 serenitati
1328 3477 1468 3543 exhibite

177 3595 251 3653 sunt
272 3588 380 3653 littere
411 3606 505 3670 quam
534 3589 653 3670 plures,
684 3589 878 3670 libertatum,
911 3592 1164 3674 priuilegiorum,
1192 3591 1313 3674 jurium
1344 3595 1379 3655 et
1400 3608 1469 3672 gra-

180 3701 300 3765 ciarum
334 3701 532 3780 contentiue,
567 3701 682 3783 quibus
713 3720 826 3766 reuera
859 3702 972 3768 ciuitas
1006 3704 1077 3786 ipsa
1106 3703 1275 3784 Pragensis
1305 3721 1366 3784 per
1397 3702 1470 3767 dine

177 3812 329 3877 memorie
353 3812 571 3894 progenitores
595 3819 627 3877 et
649 3814 893 3895 predecessores
916 3821 1051 3895 nostros,
1083 3816 1291 3896 imperatores
1319 3821 1353 3880 et
1379 3830 1471 3896 reges

177 3923 391 3989 Romanorum
415 3944 450 3989 ac
473 3942 565 4005 reges
580 3924 733 3990 Bohemie
756 3931 789 3989 et
811 3928 917 4007 duces,
941 3946 1064 3992 necnon
1079 3946 1137 4009 per
1152 3927 1287 3992 aliarum
1303 3927 1470 4009 regionum

179 4034 338 4115 principes
361 4041 564 4100 remunerata
586 4043 619 4101 et
640 4039 750 4103 dotata
771 4039 889 4120 existit,
912 4040 1030 4121 gaudet
1048 4041 1168 4122 pariter
1190 4045 1223 4105 et
1244 4037 1393 4122 refulget,
1410 4025 1472 4103 ‘no-

179 4149 308 4226 streque
331 4148 490 4212 maiestati
513 4155 563 4212 est
577 4149 741 4214 humiliter
756 4150 977 4231 supplicatum,
1001 4156 1157 4232 quatenus
1174 4152 1259 4233 ipsas
1275 4156 1309 4215 et
1323 4155 1472 4216 contenta

179 4254 213 4317 in
236 4255 283 4318 eis
306 4258 454 4323 vniuersa
484 4266 516 4324 ct
545 4261 672 4341 singula
701 4262 865 4343 innouare,
896 4261 1063 4344 ratificare,
1095 4263 1270 4345 approbare
1299 4268 1333 4328 et
1360 4261 1472 4329 confir·

180 4383 267 4430 mare
299 4371 473 4447 graciosius
504 4372 717 4453 dignaremur,
750 4391 883 4453 quarum
913 4380 1040 4439 tenores
1071 4375 1122 4438 hic
1152 4374 1264 4438 inserti
1294 4379 1471 4456 sequuntur

179 4495 237 4557 per
260 4481 366 4546 omnia
388 4484 425 4546 de
448 4483 545 4547 verbo
569 4484 762 4549 adverbum
785 4491 817 4549 et
840 4492 913 4550 sunt
935 4486 1032 4550 tales:
1056 4485 1122 4551 Nos
1138 4485 1300 4550 lohannes
1324 4504 1371 4553 oc.
1395 4483 1471 4566 (Na-
