3068 5160
680 113 753 161 raso.
1317 119 1361 182 45

62 312 203 376 transitu
223 313 398 377 eorundem
423 313 505 378 inter
529 318 634 379 cetera
656 319 763 379 nostre
781 316 1051 381 consideracionis
1067 319 1207 385 animum
1223 323 1330 389 adres
1349 361 1362 371 ·

61 424 215 490 mendum
245 431 278 490 et
308 426 552 491 restaurandum
583 428 703 507 eadem,
735 428 918 509 specialiter
947 429 1023 493 dum
1053 431 1176 512 pridem
1199 453 1261 499 vna
1292 455 1361 501 cum

60 556 178 604 sereno
203 544 235 603 et
257 539 367 603 inclito
390 539 534 622 principe
551 540 678 605 domino
694 540 849 619 Iohanne,
873 542 984 606 eadem
1001 544 1110 623 gracia
1125 545 1243 611 illustri
1258 548 1362 613 Bohe-

58 670 187 716 morum
203 670 289 733 rege,
305 652 403 717 fratre
419 658 528 717 nostro
545 654 720 732 carissimo,
743 655 975 735 parlamentum
991 654 1170 736 habuimus,
1192 664 1361 725 tractatum

59 764 238 846 specialem
262 767 346 829 eirca
369 766 526 846 premissa
548 766 703 845 habendo,
727 766 901 831 studiosius
924 768 1177 835 diuertissemus
1221 771 1361 836 Tandem

58 878 164 941 eciam
189 878 380 942 utilitatibus
403 883 608 960 utrorumque
631 896 801 959 regnorum
825 879 1034 944 consideratis
1051 898 1112 945 vna
1135 900 1206 947 cum
1228 885 1361 964 prelatis

58 997 93 1055 et
116 992 209 1071 regni
240 993 342 1055 nostri
372 991 544 1055 baronibus
568 995 692 1055 matura
721 991 955 1056 deliberacione
978 991 1088 1057 habita
1109 999 1142 1059 et
1163 995 1202 1059 de
1226 997 1360 1061 consilio

58 1103 250 1167 eorumdem
273 1123 330 1184 pro
354 1103 475 1167 eisdem
495 1103 725 1168 mercatoribus
747 1109 814 1168 tarn
837 1105 938 1169 nostri
961 1123 1056 1187 quam
1071 1105 1225 1171 Bohemie
1248 1114 1281 1173 et
1303 1109 1361 1172 ali-

57 1234 153 1278 orum
178 1216 375 1280 euicinorum
399 1235 569 1297 regnorum
591 1217 660 1280 vias
683 1220 716 1281 et
737 1221 853 1280 stratas
884 1215 1103 1298 infrascriptae
1126 1219 1271 1299 publicas
1294 1220 1362 1284 fore

60 1328 215 1407 girandas
246 1333 279 1392 et
312 1329 577 1409 perambulandas
615 1347 653 1392 ac
689 1328 810 1393 tributa
840 1330 873 1393 in
910 1329 990 1394 locis
1024 1335 1057 1394 et
1090 1332 1193 1396 modis
1227 1331 1361 1397 inferius

58 1441 279 1521 exprimendis
310 1440 466 1521 exigenda
496 1440 643 1506 duximus
673 1447 768 1524 atque
800 1443 984 1521 ordinanda,
1007 1444 1172 1508 videlicet:
1201 1444 1234 1509 in
1256 1446 1360 1525 primo
1425 1494 1427 1497 .

58 1553 196 1617 introitu
227 1553 268 1615 ad
299 1558 399 1616 metes
429 1553 519 1633 regni
542 1552 706 1634 Hungarie
735 1555 769 1618 in
792 1554 874 1618 Alba
902 1554 1059 1634 Ecclesia,
1090 1556 1143 1620 uel
1174 1556 1207 1621 in
1238 1558 1362 1638 vulgari

59 1662 203 1746 Wibar²)
220 1666 391 1744 nominata,
415 1666 529 1730 debeat
552 1668 635 1731 solui
659 1668 873 1748 octuagesima
889 1668 928 1732 de
948 1667 1042 1732 rebus
1058 1669 1362 1736 mercimonialibus.

58 1778 143 1842 Item
174 1779 289 1843 abinde
321 1780 391 1843 siue
421 1780 454 1844 in
478 1778 621 1844 Saaswar
632 1777 659 1861 ³)
683 1781 753 1844 siue
784 1781 817 1844 in
839 1779 969 1845 Stinche
978 1779 1005 1862 ⁴)
1031 1781 1070 1845 de
1094 1782 1237 1863 quolibet
1264 1802 1357 1847 curru

60 1890 306 1968 mercimoniali‚
338 1891 394 1972 qui
422 1891 583 1971 wlgariter
604 1891 721 1955 dicitur
742 1893 849 1972 rudes,
873 1892 989 1957 debeat
1011 1893 1191 1959 soluimus
1207 1895 1276 1959 loth
1292 1896 1361 1960 siue

61 2004 125 2066 tria
147 2005 299 2084 pondera.
322 2003 404 2066 Item
428 2002 466 2066 de
490 2003 634 2084 quolibet
657 2022 750 2068 curru
775 2005 873 2069 mizas
887 2001 912 2086 ⁵)
937 2005 1021 2069 dicto
1044 2006 1185 2070 medium
1207 2007 1361 2071 tributum

65 2134 122 2179 seu
135 2114 159 2197 ⁶)
178 2117 302 2179 medius
319 2115 397 2180 loth.
421 2115 464 2178 Et
486 2115 601 2180 abhinc
628 2117 661 2179 in
676 2113 881 2197 Jabluncza⁷)
914 2117 998 2181 circa
1021 2122 1158 2182 castrum
1175 2118 1361 2191 Kurlatlro⁸l

69 2228 162 2292 debet
178 2229 260 2292 solui
278 2228 476 2292 solummodo
499 2229 654 2293 tributum
676 2230 793 2311 pontis.
816 2229 866 2294 Ita
882 2230 967 2312 quod
981 2231 1022 2295 de
1038 2230 1182 2312 quolibet
1203 2249 1285 2313 equo
1309 2232 1361 2295 uel

67 2339 147 2404 boue
166 2341 313 2404 trahente
337 2361 464 2405 currum
487 2360 568 2405 vnus
587 2342 736 2407 denarius
751 2339 961 2426 Vienensis.⁹)
984 2343 1066 2408 Item
1082 2344 1122 2408 de
1137 2344 1307 2425 pecoribus
1319 2341 1361 2417 ¹⁰)

70 2452 246 2517 vendicioni
270 2455 464 2534 exponendis
488 2455 612 2519 scilieet
633 2455 807 2519 maioribus
831 2453 1008 2537 duobus¹¹)
1033 2456 1182 2521 similiter
1204 2463 1292 2522 vnus'
1308 2458 1363 2522 de-

72 2567 175 2628 narius
198 2565 379 2631 Vienensis.
413 2568 493 2631 Item
518 2567 557 2631 de
581 2573 716 2649 quatuor
745 2569 854 2648 paruis
878 2568 1080 2647 animalibus,
1109 2570 1232 2649 ouibus
1258 2573 1362 2651 capris

71 2685 99 2740 et
120 2678 226 2759 porcis
250 2679 399 2743 similiter
421 2698 501 2742 unus
525 2679 674 2743 denarius
690 2678 860 2745 Vienensis
884 2686 917 2744 et
938 2700 1009 2745 non.
1024 2682 1107 2762 plus,
1142 2684 1222 2747 ltem
1246 2683 1362 2746 abinde

73 2789 101 2853 in
123 2791 193 2854 loco
217 2788 423 2865 Wilrsaad¹²l
448 2792 517 2855 siue
547 2793 581 2856 in
603 2792 681 2855 villa
703 2790 855 2868 Beizn¹³l
880 2794 974 2857 debet
997 2794 1080 2858 solui
1102 2794 1256 2859 tributum
1281 2797 1364 2858 sieut

74 2902 101 2965 in
134 2901 332 2980 Saasuar·¹⁴)
368 2908 400 2966 et
431 2899 614 2981 Stinche¹⁵)
650 2905 688 2967 de
724 2906 868 2969 curribus
902 2906 1194 2970 mercimonialibus
1228 2911 1362 2970 tantum.

72 3015 217 3079 Preterea
240 3035 259 3078 a
279 3017 407 3080 ciuitate
424 3017 624 3080 Tirnauiensi
640 3036 741 3099 usque
758 3018 798 3081 ad
813 3018 935 3082 Budam
948 3014 990 3098 ¹⁶)
1008 3019 1040 3080 in
1056 3019 1136 3082 locis
1153 3018 1363 3098 infrascriptis

73 3129 163 3193 debet
182 3128 267 3208 exigi
282 3129 436 3192 tributum
453 3129 602 3193 similiter·
617 3132 656 3193 de
673 3129 817 3193 curribus
833 3129 1126 3194 mercimonialibus
1143 3130 1236 3225 modo
1253 3147 1369 3208 supra-1

72 3242 161 3306 dicto.
186 3242 293 3304 Primo
316 3242 349 3304 in
372 3241 575 3305 Forkofunda
590 3239 637 3322 ¹⁷),
668 3247 781 3321 postea
803 3242 836 3304 in
859 3239 1036 3322 Senice¹⁸),
1067 3242 1143 3305 item
1167 3242 1199 3304 in
1221 3240 1307 3304 villis
1322 3238 1362 3314 ¹⁹)

71 3354 299 3434 archiepiscopi
324 3355 551 3436 strigoniensis
573 3353 707 3417 Narhiid
732 3359 765 3417 et
792 3349 975 3434 deard²⁰)
999 3355 1137 3433 vocatis3
1171 3354 1246 3417 item
1281 3352 1365 3416 vltra

70 3466 250 3531 Danubium
274 3485 312 3529 en
336 3468 398 3532 ista
418 3473 509 3547 parte
531 3468 564 3530 in
588 3465 792 3547 Strigonium.
815 3467 931 3531 Postea
953 3467 986 3530 in
1008 3466 1087 3530 villa
1109 3464 1260 3544 Chabiia3
1288 3465 1364 3528 item

70 3581 99 3643 in
122 3579 201 3643 villa
225 3579 326 3642 sancti
343 3579 454 3642 Jacobi
476 3598 534 3659 pro
559 3584 661 3643 castro
677 3578 808 3643 Ueteris
826 3575 973 3652 Bude²¹l.
996 3579 1039 3642 Et
1060 3578 1093 3642 in
1115 3583 1208 3659 porta
1224 3576 1365 3641 ciuitatis

70 3691 227 3757 Budensis
239 3687 281 3772 ²²)
299 3692 416 3755 debent
430 3692 550 3755 tributa
565 3693 649 3773 exigi
664 3692 814 3756 similiter
829 3691 868 3755 de
886 3691 1040 3770 curribus,
1061 3687 1200 3773 prout²²)
1217 3689 1365 3770 superius

70 3811 117 3870 est
139 3822 338 3885 expressum.
362 3804 431 3868 Hoc
453 3810 559 3867 tamen
583 3805 752 3884 declarem,
776 3805 860 3888 quod
882 3805 916 3868 in
938 3804 1018 3881 locis
1039 3804 1231 3868 tributorum
1254 3820 1351 3883 supra

71 3919 162 3982 dictis
176 3917 281 3981 nullas
298 3917 392 3981 debet
407 3917 475 3981 fieri
492 3915 690 3999 religacio²⁴)
706 3924 909 3999 preterquam
926 3917 958 3981 in
975 3916 1168 3996 ciuitatibus,
1193 3916 1225 3980 in
1249 3915 1364 3998 quibus

69 4031 264 4095 tricesimam
282 4030 540 4094 constituerimus
556 4031 752 4111 exigendam.
776 4029 844 4106 Que
864 4030 972 4094 omnia
993 4029 1065 4093 loca
1085 4028 1278 4094 tributorum
1299 4034 1364 4092 tam

70 4144 194 4208 ciuibus
218 4142 438 4206 Brunensibus
462 4144 500 4206 de
525 4161 622 4223 regno
644 4142 798 4206 Bohemie
829 4161 924 4224 quarn
955 4142 1073 4206 nostris
1108 4141 1233 4208 ciuibus
1254 4140 1365 4204 Tirna-

69 4255 236 4319 aiensibus
251 4253 462 4318 referentibus
480 4251 643 4334 scimus²⁵l
668 4273 739 4319 esse
756 4261 932 4335 atempore
947 4254 1025 4318 Bele
1037 4250 1080 4336 ²⁰)
1104 4255 1190 4337 regis
1209 4253 1365 4332 instituta,
