3068 5160
168 363 231 427 226
778 360 852 408 rma.

169 568 270 634 serint
292 565 513 648 grandissimis
542 563 705 630 beneficiis
729 571 762 630 et
783 566 899 646 graciis
922 564 1039 628 nedum
1062 564 1253 644 consolatos,
1288 565 1349 631 sod
1371 565 1453 631 etde

173 700 256 746 nouo
279 681 413 758 dotatus,
441 679 545 742 animo
569 677 754 757 deliberato,
779 697 920 761 sanoque
941 679 1129 760 principum,
1156 679 1313 743 baronum
1337 682 1371 743 et
1392 696 1453 760 pro

170 812 277 859 cerum
299 798 332 856 et
353 791 508 856 nobilium
530 797 712 856 nostrorum
727 796 760 856 et
774 791 902 873 imperii
924 792 1007 856 sacri
1026 810 1063 856 ac
1077 791 1169 872 regni
1191 792 1295 856 nostri
1309 789 1454 855 Bohemie

169 905 311 970 fidelium
341 903 511 969 accedente
541 902 674 967 consilio
698 903 792 968 etde
815 909 902 968 certa
930 909 1040 968 nostra
1062 903 1209 982 sciencia,
1240 901 1377 984 prefatis
1398 922 1453 967 ma·

170 1018 278 1099 gistris
295 1017 423 1095 ciuium,
448 1016 595 1094 scabinis,
620 1015 804 1080 consulibus
820 1033 857 1080 ac
873 1016 1006 1094 ciuibus,
1030 1034 1203 1098 eorumque
1223 1015 1454 1081 successoribus

170 1134 202 1194 et
225 1129 348 1193 ciuitati
370 1128 523 1208 Progensi
552 1127 702 1192 vniuersa
731 1132 764 1192 et
793 1128 920 1210 singula
941 1129 1113 1210 priuilegia
1141 1134 1174 1193 et
1202 1127 1330 1193 litteras
1353 1146 1454 1210 supra·

170 1244 305 1324 scriptas
329 1241 407 1322 ipsis
431 1258 527 1321 super
549 1258 659 1304 eorum
685 1240 821 1322 juribus
853 1241 970 1322 graciis
992 1245 1025 1305 et
1046 1241 1247 1307 libertatibus
1271 1259 1330 1323 per
1353 1259 1455 1323 supra·

170 1354 273 1418 dictos
288 1354 508 1434 progenitores
524 1357 557 1417 et
570 1353 814 1434 predecessores
830 1358 966 1431 nostros,
978 1354 1194 1418 Romanorum
1205 1353 1417 1435 imperatores
1430 1359 1458 1418 et

169 1465 321 1529 Bohemie
351 1483 455 1546 reges,
485 1467 559 1531 data
580 1470 613 1530 et
634 1484 794 1544 concessa,
826 1485 863 1530 ac
892 1467 982 1531 datas
1009 1471 1042 1531 et
1065 1483 1232 1531 concessas
1255 1467 1291 1530 in
1314 1466 1456 1530 omnibns

170 1577 237 1642 suis
267 1576 441 1657 tenoribus,
471 1579 614 1659 punctis,
644 1579 813 1659 clausulis,
842 1579 996 1659 articulis,
1027 1579 1198 1643 sentenciis
1229 1584 1263 1644 et
1292 1579 1458 1646 verborum

169 1689 436 1771 expressionibus,
461 1691 554 1755 sicuti
584 1692 645 1757 rite
668 1696 701 1757 et
722 1691 926 1756 laudabiliter
947 1697 1180 1773 processerunt,
1203 1691 1458 1773 approbauimns.

167 1801 405 1880 ratificauimus,
430 1803 664 1883 innouanimus,
689 1803 948 1869 confirmauimus
971 1803 1115 1885 graciose
1138 1822 1175 1868 ac
1196 1807 1311 1868 tenore
1332 1822 1460 1888 presen-

169 1915 251 1979 cium
274 1915 462 1979 anctoritate
485 1917 643 1999 imperiali
667 1921 699 1981 et
720 1918 810 1998 regia
833 1916 985 1981 Bohemie
1008 1915 1229 1998 approbamus,
1256 1915 1459 1993 ratificamus

168 2027 356 2091 innouamus
380 2033 412 2091 et
434 2028 626 2094 clemencius
658 2027 890 2094 confirmamus.
920 2026 1009 2092 Nulli
1032 2047 1107 2110 ergo
1134 2028 1263 2093 omnino
1287 2027 1460 2107 hominurn,

170 2139 386 2220 cuiuscunque
418 2144 529 2218 status,
561 2141 687 2221 gradus,
717 2140 912 2205 condicionis
936 2145 969 2204 et
991 2139 1245 2222 preheminencie
1277 2145 1333 2206 aut
1360 2141 1461 2223 digui-

170 2252 247 2315 tatis
269 2250 394 2330 existat,
424 2250 521 2316 liceat
542 2252 623 2317 hanc
646 2258 754 2317 nostre
784 2253 1036 2334 approbacionis,
1063 2252 1298 2332 ratificacionis,
1329 2255 1461 2319 innona-

169 2362 280 2442 cionis,
305 2361 567 2443 confirmacionis,
592 2365 631 2430 dc
653 2383 737 2430 nouo
761 2366 974 2430 concessionis
990 2370 1023 2430 et
1038 2366 1158 2430 decreti
1179 2365 1330 2448 paginam
1353 2365 1462 2431 infrin-

169 2493 244 2554 gere
278 2481 333 2540 aut
362 2478 392 2540 ei
423 2493 502 2539 ausu
533 2478 647 2558 quouis
680 2479 849 2542 temerario
882 2478 1050 2544 contraire.
1095 2477 1128 2542 Si
1159 2478 1231 2560 quis
1262 2483 1372 2543 autem
1405 2478 1461 2543 hoo

170 2591 359 2669 attemptare
389 2591 627 2670 presumpserit,
661 2595 803 2655 nostram
834 2595 866 2654 et
895 2590 1021 2672 imperii
1054 2590 1148 2655 sacri·
1167 2608 1203 2655 ac
1237 2591 1328 2672 regni
1362 2590 1462 2656 nostri

169 2698 322 2763 Bohemie
351 2700 606 2781 indignacionem
637 2703 869 2783 grauissimam,
899 2722 1022 2769 necnon
1044 2705 1214 2785 ponamin
1237 2704 1462 2785 suprascriptis

170 2811 284 2875 litteris
308 2816 341 2874 et
363 2811 541 2892 priuilegiis
565 2832 747 2895 expressam
762 2832 797 2879 se
813 2817 939 2879 nouerit
962 2817 1157 2880 incursurus.
1181 2815 1389 2880 Presencium
1406 2816 1461 2880 sub

168 2929 275 2987 nostre
305 2924 481 2988 maiestatis
510 2925 617 3006 sigillo
647 2927 828 2991 testimonio
860 2927 1049 2992 litterarum,
1095 2927 1212 2991 Datum
1245 2926 1347 3009 Prage
1380 2948 1460 2993 anno

171 3036 290 3098 domini
314 3033 597 3115 blCOCCllXXVl,
632 3038 789 3103 dominica
822 3039 890 3119 die,
923 3059 984 3121 que
1018 3039 1078 3104 luit
1106 3039 1174 3104 dies
1206 3038 1313 3105 XXVI
1343 3043 1460 3106 mensis

169 3148 314 3224 Augusti,
339 3166 508 3228 regnorum
530 3154 710 3213 nostrorum
733 3169 814 3214 anno
839 3149 1003 3232 Hungarie
1026 3157 1085 3216 etc.

274 3277 322 3339 Ad
346 3277 528 3341 mandatum
552 3278 670 3342 domini
695 3278 895 3360 imperatoris

696 3407 809 3471 Petrus
832 3409 935 3474 Kalde
956 3410 1137 3492 prepositus
1159 3407 1416 3478 Northusiensis.

271 3602 291 3654 Z
310 3601 425 3668 register
443 3603 529 3656 eisaie
549 3603 695 3672 Sigmunda
713 3623 727 3657 z
746 3604 763 3658 l.
778 3611 843 3659 1436
863 3621 879 3659 a
898 3611 963 3659 1437
983 3606 1171 3661 vRouduicke
1190 3607 1335 3663 biblioteca
1353 3609 1457 3663 Loblro·

167 3698 243 3750 siole
268 3697 334 3764 sign.
353 3696 390 3749 Vl
415 3697 462 3750 Fb.
489 3704 519 3751 lo
546 3707 592 3752 str.
614 3705 645 3753 70
664 3715 680 3753 a
699 3718 712 3752 z
732 3699 952 3768 diplonratarium
975 3703 1046 3770 regis
1068 3703 1177 3771 Georgii
1195 3705 1243 3757 dis.
1263 3709 1316 3759 394
1340 3705 1387 3759 list
1411 3710 1457 3758 649

169 3809 183 3842 v
199 3791 317 3845 Praislre
336 3791 478 3845 bibliotece
496 3793 678 3848 Lobkoricke'.

737 4020 799 4102 Cis.
825 4039 896 4104 139.

553 4208 656 4278 1436.
695 4211 751 4278 26.
775 4227 901 4296 srpna
940 4210 1074 4279 Proba.

172 4369 266 4436 elsae
284 4371 438 4459 Sipmond
457 4385 615 4465 poturzaje
631 4383 838 4465 pertundet-ru,
863 4384 1020 4448 conedam
1036 4386 1110 4447 c'odi
1132 4384 1199 4447 obcc'
1220 4383 1353 4450 Store'ko
1366 4390 1462 4451 meato

168 4483 342 4550 Praislcc'bo
364 4495 505 4555 acrescat
526 4494 613 4558 crate
635 4493 768 4558 Vcioloca
784 4495 806 4557 I
807 4495 850 4571 V„
874 4494 935 4580 uby
957 4497 1081 4560 koosdc'
1100 4495 1225 4560 Novclro
1246 4501 1346 4564 mota
1363 4499 1460 4565 Proi-
