3090 5370
117 361 160 421 44
730 363 803 409 iasa.

120 567 217 641 rame,
250 573 357 629 uotum
388 566 521 630 facimus
544 567 711 645 uniuersis,
743 567 828 648 quod
850 566 926 649 quia
947 564 1056 631 dilecti
1079 568 1170 632 nobis
1202 567 1289 631 ciues
1312 568 1413 631 nostri

121 678 294 755 liugeuses
318 680 534 759 promiserunt
555 680 647 745 nobis
670 698 727 762 pro
750 685 861 745 nostra
876 680 1057 760 indigencia
1074 699 1132 762 per
1154 687 1290 762 quatuor
1312 698 1414 745 anuos

119 792 256 871 primum
272 798 422 856 venturos
438 810 494 857 sex
516 791 606 856 milia
624 810 853 874 sexagenorum
869 810 1053 874 grossorum
1064 793 1272 874 Progensium
1287 812 1415 875 semper

118 909 264 985 quamam
285 910 409 985 partem
431 903 527 968 huius
543 922 665 969 summe
680 905 732 970 die
748 905 850 970 sancti
866 904 951 969 Galli
967 906 1053 984 dare,
1070 924 1128 970 nos
1144 906 1265 971 eisdem
1288 907 1414 970 ciuibus

119 1017 238 1080 uostris
261 1017 373 1081 damus
402 1008 536 1098 proinde
558 1036 616 1099 per
638 1017 794 1081 dictorum
816 1023 953 1099 quatuor
973 1037 1128 1083 annorum
1148 1018 1290 1099 spacium
1315 1019 1414 1083 couti-

120 1147 218 1192 nuum
240 1129 368 1212 plenam
391 1135 424 1193 et
446 1131 658 1195 omnimodam
690 1130 880 1209 libertatem,
911 1131 957 1195 sic
979 1129 1137 1210 videlicet,
1168 1130 1253 1213 quod
1276 1149 1336 1196 nec
1358 1150 1416 1213 per

119 1260 177 1306 nos
208 1261 266 1306 nec
295 1262 352 1323 per
382 1242 480 1306 alium
511 1247 567 1306 aut
596 1242 676 1307 alios
707 1243 844 1307 edictis
868 1243 991 1309 ciuibus
1015 1243 1113 1308 vllam
1135 1245 1273 1326 exigere,
1305 1249 1420 1331 petere

118 1361 174 1419 aut
196 1356 338 1436 recipere
360 1356 507 1420 volumus
538 1356 715 1438 pecuniam,
746 1361 803 1421 aut
824 1356 918 1438 exigi,
948 1357 1015 1439 peti
1044 1362 1100 1422 aut
1121 1357 1220 1438 recipi
1242 1355 1414 1436 faciemus;

120 1487 178 1531 noc
201 1487 257 1531 eos
280 1469 320 1533 ad
336 1468 444 1551 aliqua
466 1468 604 1532 seruicia
619 1469 710 1533 nobis
725 1466 871 1533 facienda
887 1487 1036 1551 cogemus
1052 1475 1107 1534 aut
1122 1467 1225 1551 cogi¹)
1242 1468 1414 1549 faciemus;

118 1600 177 1643 nee
200 1598 256 1644 eos
279 1581 332 1645 uel
356 1581 495 1664 aliquem
517 1600 557 1646 ex
579 1581 658 1664 ipsis
681 1599 815 1662 grauate
830 1587 886 1646 aut
900 1581 1126 1664 dampnificare
1141 1582 1289 1646 volumus
1309 1583 1414 1647 medio

118 1698 261 1775 tempore
290 1693 324 1758 in
353 1712 464 1759 eorum
493 1694 639 1776 personis
661 1693 714 1759 uel
744 1693 850 1760 rebus
881 1693 1003 1764 Harum
1025 1701 1206 1759 nostrarum
1228 1696 1414 1761 testimonio

119 1805 295 1870 literarum.
318 1806 436 1871 Datum
459 1807 560 1888 Prage
583 1824 665 1872 anno
689 1807 809 1871 domini
824 1806 996 1872 millesimo
1011 1808 1235 1873 trecentesimo
1250 1808 1414 1872 tricesimo

120 1917 241 1999 quinto,
264 1916 346 1982 ΙΠΙο
368 1918 440 1983 idus
463 1918 623 1986 Octobris·

222 2081 305 2142 Liber
322 2089 525 2144 vetustissimus
545 2090 746 2159 privilegiorum
764 2092 787 2144 c.
806 2096 856 2144 993
876 2098 924 2145 str.
943 2099 958 2146 9
976 2107 993 2143 v
1011 2090 1121 2145 archiva
1140 2108 1175 2144 m.
1192 2091 1291 2160 Prahy.
1324 2091 1417 2146 Pelzel

118 2184 186 2237 liarl
211 2183 260 2238 der
281 2184 382 2239 Vierte.
405 2184 581 2240 Urkundenb.
608 2184 647 2239 N·
661 2185 699 2238 XI
717 2185 734 2238 a
751 2184 844 2240 Codex
861 2185 1000 2241 Moraviae
1023 2186 1076 2241 VII
1100 2193 1148 2242 etr.
1165 2192 1208 2242 65.
1250 2189 1270 2252 ¹)
1288 2186 1416 2256 Rukopis

120 2283 165 2333 ma
181 2280 280 2348 cogeri.

678 2491 694 2528 *
719 2475 783 2558 Cis.
807 2493 858 2557 27.

483 2680 588 2749 1336.
623 2680 657 2749 6.
679 2679 806 2748 leuna
840 2679 1050 2765 Vyiehrad.

123 2867 263 2954 erralcy'
284 2869 357 2933 kral
378 2869 478 2933 Κανά
499 2869 614 2934 Robore
642 2871 736 2954 clotaje
764 2870 878 2933 ιιὸίπῶἰ
899 2874 1008 2952 pictai
1032 2871 1179 2954 mejestote
1198 2891 1242 2931 aa
1263 2869 1416 2944 sanicula

111 2985 167 3066 joa
191 3005 208 3044 z
234 2978 317 3046 Uber
346 2982 386 3046 do
420 2960 496 3046 ecca
524 2982 633 3057 aedon,
660 2983 762 3067 jakoi
780 2983 795 3044 i
812 2982 970 3065 pfekazitc‘
999 2983 1167 3066 oycnuiudni
1195 2979 1419 3066 neobyeejngjck

117 3117 139 3156 a
153 3095 335 3180 aolomp‘m
352 3095 397 3160 ccl
417 3098 601 3179 matanovajc
615 3117 650 3158 oe
664 3094 763 3159 chade
778 3118 793 3159 s
807 3095 925 3179 osopo
947 3094 1067 3159 kraZem
1081 3093 1195 3158 Jancm
1209 3094 1259 3157 ela
1273 3117 1294 3157 a
1309 3097 1416 3178 aij,

110 3208 166 3291 je
183 3206 264 3270 aceo
278 3207 394 3290 pace·
413 3207 548 3292 capam
567 3226 584 3270 ι
600 3185 674 3270 ecca
694 3231 739 3271 aa
759 3210 841 3271 eso
857 3207 899 3271 oc
919 3208 1029 3270 erano
1051 3207 1222 3270 amaea
1241 3202 1418 3271 Uamkoo

117 3325 158 3396 ci
176 3318 217 3383 do
238 3317 372 3383 Bedcna
392 3342 414 3382 a
435 3319 495 3385 at'ce
517 3319 570 3384 dle
590 3322 678 3383 mara
703 3319 861 3404 eupoloni,
892 3318 979 3382 merc
1004 3319 1054 3383 dle
1080 3318 1230 3382 svodectoi
1259 3321 1417 3382 ηωῒίαηᾶι·

218 3431 420 3517 Bmookpm
440 3455 462 3495 a
488 3431 686 3517 Ymamky‘m
706 3437 748 3493 ui
765 3455 784 3494 a
805 3432 906 3495 casim
927 3431 1016 3495 Icadio
1038 3431 1119 3516 Bely
1139 3454 1170 3494 oe
1193 3430 1309 3495 samio.

221 3605 288 3671 Nos
310 3606 449 3671 Karolus
480 3607 533 3671 dei
555 3606 664 3686 gracia
684 3624 742 3670 rex
763 3604 928 3687 Hungarie
957 3612 1068 3671 tenore
1090 3605 1292 3688 presencium
1315 3605 1417 3687 signi-

117 3718 259 3800 ficamus,
290 3719 406 3802 quibus
428 3719 557 3801 expedit
578 3718 736 3783 miuersis
759 3719 912 3783 memorie
936 3719 1203 3796 commendantes
1234 3717 1320 3799 quod
1344 3737 1416 3783 cum

117 3833 171 3896 via
192 3850 249 3896 seu
273 3838 373 3897 strata
394 3830 524 3913 publica
546 3836 756 3895 mercatorum
779 3829 854 3895 hinc
876 3849 896 3894 a
916 3836 1026 3895 nostro
1048 3847 1147 3911 regno
1171 3830 1205 3894 in
1227 3828 1417 3894 Bohemiam

118 3949 152 4006 et
173 3943 238 4007 alia
259 3945 427 4009 conuicina
455 3962 554 4025 regna
576 3942 814 4007 transeuncium
837 3947 870 4006 et
884 3959 1059 4007 ecouuerso
1075 3960 1095 4005 a
1109 3941 1264 4006 Bohemia
1286 3948 1320 4006 et
1342 3943 1416 4006 aliis

119 4053 254 4119 euicinis
277 4059 385 4139 regnis
409 4057 441 4120 in
463 4055 641 4137 predictum
663 4073 797 4135 regnum
816 4060 960 4119 nostrum
977 4073 1048 4118 cum
1064 4055 1132 4119 suis
1147 4053 1244 4119 rebus
1267 4060 1300 4118 et
1321 4054 1416 4119 bouis

119 4166 364 4234 mercionalibus
387 4169 587 4233 veniencium
610 4186 628 4230 a
650 4166 846 4248 temporibus
862 4167 1025 4248 guerrosis
1047 4170 1081 4230 et
1102 4167 1269 4249 impacatis
1284 4174 1418 4248 propter

119 4274 333 4342 maleficorum
351 4283 371 4359 ¹')
404 4281 567 4345 homiuum
598 4279 731 4344 insidias
758 4284 791 4343 et
827 4278 986 4343 indebitas
1009 4279 1195 4344 exacciones
1220 4278 1417 4344 tributorum

118 4386 185 4452 fere
207 4388 360 4457 hacteuus
382 4397 416 4457 et
437 4410 538 4476 usque
568 4391 662 4456 modo
693 4391 836 4456 dissueta
865 4389 987 4470 suisset,
1019 4410 1151 4474 nosque,
1174 4399 1271 4473 prout
1292 4392 1417 4457 incum-

118 4499 214 4565 bebat
235 4498 339 4566 officio
370 4502 462 4567 nobis
492 4503 646 4569 diuinitus
671 4501 800 4579 credito,
831 4519 888 4583 pro
913 4504 1120 4568 commodiori
1143 4509 1176 4568 et
1197 4504 1418 4587 tranquilliori
