3068 5160
681 383 756 435 14³⁶·
1299 387 1362 450 reo

66 590 238 672 cupiuntur
268 591 402 656 euitare.
448 588 599 655 Ceterum
628 607 686 672 pro
716 587 938 671 supplemento
968 589 1100 654 maioris
1123 591 1231 673 gracie
1253 596 1362 657 nostre

63 704 235 784 dignanter
256 701 465 781 admittimus,
490 701 576 784 quod
589 700 744 783 sepedicti
767 702 855 767 ciues
878 703 979 768 nostri
1001 707 1067 767 tarn
1093 720 1251 784 pauperes
1267 721 1363 786 quarn

61 817 183 881 diuites
205 834 264 897 pro
280 832 390 880 eornm
417 814 535 880 debitis
549 831 805 897 vnumquemque
828 814 1004 880 debitorem
1027 833 1121 880 snum
1143 815 1361 893 wlafflconem,

62 930 295 1010 cuiuscumque
325 933 429 992 status
461 932 516 991 aut
544 927 740 993 condicionis
763 929 888 1007 existat
918 945 976 1010 pro
999 928 1140 1010 quinque
1171 928 1287 993 marcis
1310 925 1361 992 vel

61 1042 146 1106 citra
168 1059 352 1123 grossorum
376 1040 578 1105 denariorum
601 1039 808 1122 Pnagensium
839 1041 960 1122 absque
991 1041 1219 1122 cuiuscumque
1247 1040 1359 1123 judicii

61 1154 202 1235 strepitu
226 1172 284 1218 seu
307 1151 438 1235 querela
453 1170 552 1236 vsque
574 1152 616 1218 ad
638 1151 893 1218 satisfaccionem
915 1152 1091 1233 plenariam
1114 1157 1147 1215 et
1170 1151 1358 1232 condignam

60 1271 224 1330 arrestare
247 1264 375 1329 valeant
396 1270 491 1348 atque
513 1265 648 1348 possint.
670 1264 731 1330 Pro
754 1264 898 1329 ubertate
921 1264 1059 1346 deniqne
1081 1263 1229 1345 ampliori
1251 1262 1357 1327 furum

62 1384 99 1442 et
121 1377 329 1459 spoliatorum
358 1377 526 1460 speluncas
548 1383 581 1443 et
602 1376 737 1443 latibula
766 1378 886 1442 eisdem
909 1376 1043 1441 Minoris
1072 1375 1213 1441 ciuitatis
1235 1375 1359 1441 ciuibus

62 1507 123 1571 per
145 1490 224 1554 alias
247 1496 372 1555 nostras
395 1491 519 1555 litteras
542 1490 757 1556 concessimus
780 1496 812 1555 et
834 1490 956 1555 seriose
978 1488 1185 1568 inhibuimus,
1209 1507 1249 1553 ne
1272 1485 1359 1552 infra

63 1601 210 1683 spacium
233 1603 326 1667 vnius
347 1603 482 1669 miliaria
506 1603 712 1669 circumcirca
733 1602 866 1668 eandem
894 1601 1058 1667 ciuitatem
1081 1606 1114 1666 et
1135 1599 1302 1682 potissime
1325 1600 1359 1663 in
1468 1670 1472 1675 ,

60 1713 173 1795 Vgesd
203 1719 275 1778 ante
305 1713 391 1779 foras
420 1715 522 1797 ipsius
553 1714 694 1779 ciuitatis
732 1713 841 1796 aliqua
873 1711 1002 1794 publica
1026 1713 1160 1778 taberna
1192 1712 1358 1791 habeatur,
1469 1728 1473 1735 ·

60 1825 311 1909 qnodnidelioet
332 1830 484 1891 statutum
507 1831 603 1908 prout
625 1830 741 1891 extunc
762 1824 965 1907 presentibus
988 1823 1188 1901 innouamus
1210 1823 1357 1889 volentes

59 1943 97 2002 et
127 1938 237 2002 dantes
272 1939 334 2003 iam
363 1940 457 2005 dictis
487 1938 613 2004 ciuibus
644 1937 752 2020 sepius
782 1938 815 2002 in
846 1935 1014 2015 mandatis,
1047 1941 1081 2000 vt
1102 1934 1177 2001 freti
1199 1939 1233 2001 et
1254 1936 1358 2017 ganisi

61 2050 251 2115 auctoritate
273 2051 363 2133 regia
390 2051 563 2117 thabernas
592 2050 775 2115 huiusmodi
805 2051 973 2114 destruant
994 2054 1026 2113 et
1048 2047 1253 2126 adnichilent
1286 2066 1356 2112 curn

58 2161 136 2226 illas
157 2163 305 2228 nolumus
327 2163 438 2229 baberi
460 2163 512 2228 vel
535 2182 593 2246 per
616 2180 837 2245 quemcunque
866 2161 1027 2227 bominem
1055 2160 1095 2223 de
1118 2165 1223 2224 cetero
1253 2159 1356 2239 possi-

52 2273 138 2338 deri.
162 2275 199 2339 In
222 2277 313 2363 cuius
343 2277 390 2341 rei
420 2277 639 2342 testimonium
668 2281 834 2359 presentes
863 2275 988 2341 litteras
1016 2272 1086 2338 lieri
1109 2277 1141 2336 et
1163 2271 1264 2336 nostri
1286 2288 1353 2334 rna-

52 2386 136 2450 ioris
159 2387 258 2469 sigilli
281 2389 457 2455 munimine
479 2387 612 2455 fecimus
635 2388 832 2455 communiri.
877 2389 996 2452 Datum
1019 2382 1240 2450 Lucemburch
1271 2401 1354 2447 anno

52 2498 181 2563 domini
196 2500 367 2566 millesimo
383 2502 606 2567 trecentesimo
629 2502 790 2567 tricesimo
814 2506 927 2566 octauo
951 2500 1003 2565 die
1025 2516 1108 2563 nono
1131 2496 1250 2561 mensis
1265 2494 1355 2560 Julii.

164 2671 236 2740 Orig.
255 2690 271 2724 v
288 2672 400 2727 archivo
419 2689 457 2727 sv.
475 2672 654 2728 Vaclavslrem
679 2676 755 2743 (nynl
771 2691 787 2726 v
806 2673 917 2728 archivo
939 2671 1090 2738 zemslrem)
1109 2667 1235 2724 oddeleni
1253 2668 1285 2721 D.
1304 2671 1354 2722 dis.

51 2771 159 2836 iuvent.
179 2771 210 2818 17
230 2782 247 2820 a
264 2783 354 2837 repos.
374 2773 414 2822 13.
451 2767 656 2824 Sroalomenon
680 2771 770 2839 pedeti
792 2769 869 2823 lrrdle
887 2769 965 2822 Jana.
1001 2767 1045 2821 Na
1062 2765 1132 2820 rubn
1153 2763 1247 2832 listiny
1265 2763 1355 2817 rulron

54 2862 132 2916 XIV.
152 2863 258 2916 stoleti:
279 2862 407 2931 „Littera
431 2864 503 2933 quod
526 2864 612 2933 judex
630 2871 658 2919 et
673 2865 758 2934 jurati
776 2865 858 2918 istius
877 2864 997 2917 ciuitatis
1016 2861 1171 2916 sentencias
1190 2860 1234 2913 hic
1253 2858 1356 2913 dictent

51 2965 85 3012 et
104 2957 179 3025 quod
202 2974 232 3012 se
255 2959 283 3011 in
303 2959 484 3014 Lithomericz
511 2976 573 3014 cnm
599 2961 690 3016 musis
718 2978 773 3015 non
796 2960 919 3028 fatigent.
937 2961 1005 3012 ltem
1024 2957 1057 3011 de
1076 2957 1204 3011 theloneo
1223 2956 1251 3009 in
1269 2970 1354 3022 regno

53 3052 172 3106 Boemie
189 3068 244 3107 non
264 3054 405 3123 soluendo,
423 3055 487 3108 item
507 3054 540 3108 de
558 3057 743 3111 anastacione
764 3069 982 3125 vnumquemqne
1001 3052 1150 3106 debitorem
1163 3065 1213 3119 pro
1233 3050 1354 3118 quinque

51 3149 158 3202 rnarcis
177 3150 219 3202 vel
238 3150 312 3204 citra.
349 3151 417 3204 Item
436 3148 469 3204 de
487 3151 608 3206 tabernis
627 3150 697 3207 infra
715 3169 796 3207 vnum
815 3153 919 3207 miliare
938 3166 992 3204 non
1011 3147 1168 3201 habendis.“

625 3412 689 3498 crs.
714 3433 786 3496 353.

429 3601 526 3670 1436.
558 3603 592 3670 6.
613 3604 816 3690 lietopadu.
846 3605 983 3674 Pralua

52 3771 155 3836 Ciani
174 3771 329 3858 Sc‘qmond
345 3777 507 3861 potorzuje
530 3773 788 3862 Sta-romdatakp'm
810 3780 939 3864 ciaohuy
959 3779 1077 3863 adpiay,
1101 3780 1188 3844 laert
1207 3783 1287 3865 niuji
1308 3802 1350 3843 uo

463 3887 568 3973 atutky
588 3889 723 3953 zddaa'ni
743 3914 764 3953 o
786 3891 946 3974 epicroca.

160 4058 276 4112 Zminka
288 4076 304 4110 v
315 4059 450 4127 rulropisn
462 4058 612 4126 „Summari
629 4077 766 4131 ausczueg
783 4061 850 4116 oder
868 4064 995 4119 extrackt
1013 4080 1062 4119 ans
1082 4065 1200 4119 etliohen
1218 4080 1267 4133 gar
1279 4065 1352 4119 alten

47 4152 250 4219 khiluiglichen
268 4160 457 4223 mayestatten,
476 4161 617 4225 vertregen
629 4157 682 4211 und
694 4156 797 4210 andern
809 4156 1090 4213 vndterschiedlichen
1109 4161 1174 4215 vber
1193 4160 1249 4230 orb,
1268 4157 1351 4229 pfand

47 4247 106 4303 rnd
120 4247 264 4315 gaistliche
273 4253 379 4317 guetter
388 4249 609 4319 begnadungen“‚
621 4250 768 4306 choranem
779 4253 978 4308 vLoblrovicke
988 4254 1093 4306 kuliecl
1102 4254 1244 4308 bibliotece
1254 4271 1269 4308 v
1278 4255 1351 4308 Ron-

49 4344 129 4398 dnici
138 4342 202 4410 pod.
216 4344 282 4411 sign.
293 4343 331 4397 Vl
343 4343 380 4398 Fc
393 4349 408 4398 9
421 4344 467 4400 fol.
481 4351 522 4400 60.
536 4362 552 4400 a
570 4347 625 4401 sice
643 4347 735 4401 takto:
757 4349 832 4413 „Den
844 4349 1009 4403 Altstettern
1020 4349 1128 4403 werden
1148 4349 1192 4403 die
1204 4367 1254 4403 zur
1266 4351 1352 4419 gaiet-

48 4439 184 4507 liglrhaitt
200 4438 253 4492 rnd
271 4438 402 4508 spittalen
420 4440 547 4509 gahorige
565 4447 657 4510 gotter
674 4441 873 4496 wiederumben
892 4444 1064 4512 eingegeben.
1084 4445 1203 4500 libaiser
1220 4443 1350 4514 Sigmnnd

47 4541 107 4590 etc.
127 4533 218 4587 haben
230 4532 283 4588 den
295 4534 460 4589 Altstettern
478 4535 532 4590 alle
551 4535 808 4606 pfanndtschafften,
828 4554 858 4592 so
877 4555 926 4592 zur
944 4540 1144 4607 geistliglrhaitt
1162 4539 1215 4592 vrul
1235 4539 1351 4609 spittaln
