3068 5160
688 342 761 392 rara.
1331 346 1370 409 21
1438 404 1442 411 .

103 537 171 603 ddd
191 560 355 607 assumor-e
371 545 451 607 duos
468 544 553 608 viros
568 546 719 628 ydoneos
743 566 878 629 quorum
901 548 1037 630 quilibet
1050 549 1089 615 ad
1107 556 1233 615 centum
1248 569 1372 616 marcas

102 654 196 728 :arpenti
219 654 338 719 habere
361 656 554 737 dinoscitur;
585 657 688 721 atilli
711 659 773 723 duo
805 678 876 724 cum
902 660 1063 742 inculpato
1093 661 1253 742 iurabant,
1287 664 1371 745 quod

99 767 258 832 auicmtem
281 787 345 832 non
367 769 517 833 habuerit
539 788 610 834 cum
632 770 812 852 hospitibus
842 773 1028 854 prenotatis,
1055 778 1088 838 et
1110 773 1138 837 si
1162 774 1247 838 idem
1270 775 1371 840 incul-

99 884 167 954 patus
182 899 216 945 se
231 900 410 963 expruuare
433 901 498 946 non
520 883 637 963 poterit
659 902 731 948 curn
753 882 878 948 (luobus
893 883 971 948 viris
986 884 1129 966 ydoneis,
1153 886 1239 967 quod
1253 887 1370 952 dictam

98 992 256 1057 ocientem
280 1013 352 1058 cum
375 993 553 1074 hospitibus
576 1012 640 1059 non
661 994 818 1074 habuerit,
841 1002 957 1061 extunc
979 996 1020 1061 ad
1041 997 1239 1063 solucionem
1260 999 1370 1064 decem
1416 1074 1421 1083 ¹

99 1120 249 1170 barcarum
274 1106 398 1186 argenti
421 1125 502 1187 pene
525 1107 653 1171 nomine
673 1113 821 1173 teneatur
837 1112 871 1173 et
884 1108 1111 1174 nichilominus
1134 1109 1261 1189 iurabit,
1284 1111 1370 1192 quod

98 1216 191 1281 rullarn
215 1218 402 1283 societatem
426 1237 497 1282 cum
519 1217 699 1299 hospitibus
722 1219 762 1285 de
785 1224 891 1285 cetero
914 1240 1063 1286 exercere
1095 1222 1211 1287 debeat
1232 1222 1283 1288 vel
1314 1223 1369 1287 ha-

98 1349 157 1394 urc.
200 1330 282 1394 Item
307 1335 495 1407 statuerunt,
519 1331 604 1411 quod
629 1330 736 1395 nullus
759 1330 879 1395 ciuium
901 1332 1067 1414 utriusque
1090 1332 1231 1397 ciuitatis
1253 1333 1367 1398 merci·

98 1443 176 1506 ionia
194 1443 305 1524 aliqua
328 1443 367 1506 ah
390 1442 498 1524 aliquo
522 1443 593 1506 ciue
615 1442 655 1507 de
678 1442 830 1507 Flandria
851 1442 902 1509 vel
926 1443 967 1509 de
981 1440 1130 1508 Veneciis
1154 1448 1210 1508 aut
1231 1444 1271 1509 de
1295 1444 1368 1509 aliis

98 1554 255 1631 calonibus
287 1555 529 1637 quibuscunque
553 1555 585 1619 in
607 1554 769 1636 predictas
799 1555 947 1620 ciuitates
977 1554 1095 1620 ducere
1125 1554 1221 1620 debet
1251 1555 1369 1620 ibidem

98 1666 165 1730 lirrri
189 1667 308 1731 ciuium
333 1667 535 1748 assignanda,
566 1668 628 1733 nisi
658 1668 785 1733 literam
813 1666 1064 1733 testimonialem
1085 1666 1203 1733 habeat
1224 1667 1368 1745 eandem,

98 1798 163 1843 uam
193 1780 275 1843 ciuis
306 1779 422 1862 aliquis
453 1799 492 1844 ex
521 1779 601 1861 ipsis
632 1778 817 1844 ciuitatibus
839 1796 896 1861 pro
919 1777 1135 1844 mercimoniis
1164 1778 1284 1861 hospiti
1311 1798 1369 1844 suo

98 1892 111 1955 d
132 1898 240 1973 partes
263 1893 423 1973 predictas
453 1892 630 1957 dinoscitur
658 1892 855 1971 destinasse3
886 1891 969 1957 etsi
993 1890 1111 1974 aliquis
1141 1890 1223 1955 ciuis
1245 1892 1371 1973 predic·

97 2024 170 2068 rrum
195 2006 362 2070 ciuitatum
386 2003 494 2086 aliqua
516 2004 724 2068 nrorcirnonia
746 2003 816 2068 sine
839 2002 925 2067 dicta
947 2002 1042 2067 litera
1060 2003 1094 2068 in
1110 2003 1197 2085 ipsas
1220 2003 1368 2069 ciuitates

97 2118 368 2200 equibuscunque
384 2117 569 2197 regionibus
592 2117 726 2194 duxerit
750 2115 806 2181 ille
826 2115 910 2180 idem
926 2115 1007 2179 ciuis
1022 2120 1088 2181 tres
1104 2133 1228 2181 marcas
1244 2115 1368 2197 argenti

97 2231 268 2312 {quintum
300 2230 465 2293 denarium
496 2229 535 2292 de
559 2229 775 2294 mercimoniis
806 2227 950 2293 adductis
974 2228 1103 2294 nomine
1132 2247 1215 2310 pene
1237 2228 1314 2293 dare
1335 2234 1369 2293 et

97 2343 237 2407 rsoluere
257 2348 415 2407 teneatur.
460 2340 647 2407 Statuerunt
662 2341 773 2420 eciam,
796 2345 831 2405 vt
853 2359 924 2404 cum
948 2341 1137 2423 prescriptis
1159 2339 1252 2422 penis
1274 2339 1367 2419 muri,

97 2474 181 2529 ures,
205 2464 319 2537 pontes
338 2454 441 2533 fracti,
465 2455 526 2533 vie,
550 2454 664 2519 semite
686 2453 798 2518 etalii
820 2452 963 2517 delectus
986 2453 1161 2532 ciuitatum,
1184 2452 1367 2535 quicunque

97 2568 194 2640 ierint,
227 2567 365 2631 delreant
387 2566 559 2631 emendari.
603 2540 933 2645 nearea'volumuq
956 2572 991 2630 vt
1012 2566 1155 2647 predicta
1184 2570 1304 2631 statuta
1326 2565 1366 2631 ad

97 2680 261 2744 lainherurn
285 2680 325 2742 do
341 2679 508 2743 l'lorencia
531 2684 564 2743 ct
586 2678 626 2742 ad
650 2678 720 2742 eius
743 2679 929 2744 societatem
951 2698 987 2744 se
1010 2680 1212 2762 aliquatenus
1234 2697 1297 2745 non
1314 2698 1367 2744 ex-

97 2793 207 2858 rudant.
230 2792 297 2856 Nos
321 2798 426 2855 autem
449 2792 664 2872 predictorum
687 2791 806 2855 ciuium
829 2792 1120 2873 supplicacionibus
1143 2793 1177 2857 in
1199 2792 1259 2857 hac
1276 2798 1367 2874 parte

96 2904 288 2969 auorabiliter·
319 2903 462 2967 inclinati
484 2903 628 2984 predicta
650 2908 779 2982 statuta,
810 2909 906 2985 prout
931 2903 1079 2984 superius
1109 2909 1184 2970 sunt
1205 2923 1366 2986 expressa,

96 3016 213 3082 'alamus
237 3024 269 3081 ot
293 3015 480 3080 mandamus
511 3015 741 3080 inuiolabiliter
771 3016 946 3081 obseruari.
991 3017 1029 3081 In
1059 3037 1194 3099 quorum
1224 3019 1366 3082 omnium

96 3131 285 3194 estimoniurn
316 3135 348 3192 et
377 3129 474 3192 robur
506 3134 660 3209 perpetuo
691 3128 863 3193 valiturum
894 3135 1060 3209 presentes
1094 3129 1204 3195 literas
1237 3130 1307 3195 lieri
1334 3134 1367 3193 et

96 3238 184 3312 inillis
195 3241 374 3306 maiestatis
391 3247 498 3304 nostre
515 3241 667 3305 iussimus
687 3241 883 3306 communiri.
908 3241 1025 3304 ilatum
1037 3241 1166 3307 Brunne
1180 3262 1238 3324 per
1252 3260 1366 3306 marrus

96 3354 259 3420 reserabitis
279 3354 365 3417 Petri
388 3353 577 3417 Basiliensis
600 3353 752 3434 episcopi,
775 3352 1058 3435 Wyssegradensis
1081 3354 1236 3436 prepositi
1258 3353 1365 3433 regni-

98 3467 276 3541 qucBoemic
293 3465 486 3543 cancellarii,
509 3466 663 3547 principis
686 3465 786 3529 nostri
810 3465 929 3544 dilecti,
953 3485 1036 3531 anno
1052 3466 1171 3532 domini
1194 3464 1365 3529 millesimo

96 3572 213 3647 Quart-'t
239 3578 286 3642 ll⁰
308 3578 462 3643 kalendas
486 3578 585 3658 Junii,
609 3577 787 3642 indiccione
810 3577 959 3658 secunda,
996 3597 1078 3643 anno
1109 3595 1278 3657 regnorum
1310 3593 1367 3639 no·

96 3693 205 3755 tronum
229 3691 360 3754 ltoemie
383 3688 477 3754 l'1110
500 3691 585 3761 (sict,
609 3688 741 3754 l'olonie
763 3707 839 3753 vero
864 3687 933 3756 ΝΟ.

170 3821 252 3872 Liber
270 3825 436 3872 statutorum
455 3838 468 3870 z
487 3834 508 3872 r.
530 3826 595 3872 1310
614 3821 637 3872 b.
655 3824 705 3872 aas
725 3817 772 3871 list
789 3823 823 3871 64
841 3832 857 3868 r
876 3816 985 3870 archivu
1008 3835 1042 3872 m.
1060 3817 1157 3884 Prahy.
1192 3814 1364 3882 Uvelcjndno

95 3913 196 3968 fl‘odox
215 3913 355 3966 hlorariac
374 3913 424 3965 Vll
445 3921 492 3966 str.
513 3918 570 3967 785.

654 4044 718 4128 dis.
742 4066 772 4127 o.

463 4218 563 4286 1316.
599 4218 654 4284 11.
679 4217 803 4284 ledrra.
837 4215 974 4284 Praha.

95 4371 147 4435 'ru'd
169 4371 239 4435 Joa
257 4374 418 4456 potvrzuje
442 4376 537 4434 irrotat
556 4371 753 4447 Praiake'mu,
778 4373 881 4434 lctcrdi
891 4374 956 4456 jcat
978 4370 1087 4434 sidiam
1109 4395 1131 4435 a
1152 4371 1267 4436 Ιιὶαυοω
1289 4370 1362 4433 lord-

96 4489 175 4547 catri
191 4463 322 4548 &ababa
345 4508 366 4547 a
384 4487 465 4568 pilai
484 4489 601 4548 calathi
615 4490 708 4548 mmm
725 4485 816 4548 desita
829 4507 860 4547 ae
876 4485 1023 4569 aprocraja'
1035 4483 1165 4569 jakodto
1182 4483 1367 4569 praridlem
