3068 5160
676 368 752 418 1477.
1298 375 1358 440 281

56 570 239 636 maiestatis
270 571 445 653 imperialis
475 572 598 636 munita
627 571 679 636 bis
701 572 819 638 litteris
842 575 961 639 nostris
983 576 1024 640 de
1045 577 1144 644 verbo
1167 579 1361 646 adverbum

57 686 183 748 inserta
204 682 289 748 clare
312 686 454 749 continet
476 691 509 749 et
530 686 737 765 demonstrat,
756 705 818 751 vna
832 705 903 751 cum
926 688 1073 754 omnibus
1086 689 1230 756 ciusdem
1252 690 1361 758 littere

56 796 198 877 punctis,
229 796 381 861 clausulis
403 777 437 861 et
458 797 602 861 articulis
633 798 737 864 eidem
771 798 894 864 ciuitati
916 805 949 865 et
971 800 1086 866 incolis
1108 801 1178 867 eius
1201 821 1259 883 pro
1280 809 1361 868 tem-

58 927 138 991 pore
161 909 371 975 existentibus
387 909 610 991 approbamus
634 915 838 992 acceptamus
860 917 893 976 et
915 913 1028 977 eadem
1047 918 1157 977 nostro
1172 914 1262 996 regio
1286 934 1360 980 con·

56 1040 160 1087 sensu
190 1021 437 1101 communimus;
472 1021 616 1086 volentes
639 1028 672 1087 et
693 1023 806 1088 eadem
828 1023 1017 1090 auctoritate
1040 1024 1131 1106 regia
1152 1024 1361 1091 decernentes

58 1135 256 1216 sepedictam
287 1134 462 1199 ciuitatem·
482 1141 624 1199 nostram
653 1135 847 1218 Pragensem
880 1156 918 1202 ac
951 1137 1181 1204 inhabitatores
1204 1139 1359 1218 eiusdem,

57 1251 227 1328 presentes
240 1252 273 1311 ct
284 1245 417 1327 tuturos,
435 1246 604 1313 iamdictis
619 1249 728 1328 armis,
744 1254 779 1313 vt
792 1250 996 1331 premittitur,
1017 1250 1051 1314 in
1066 1250 1155 1315 illam
1170 1251 1361 1318 nobiliorem

56 1358 195 1423 formam
224 1359 373 1439 redactis,
407 1359 675 1441 quemadmodum
705 1360 838 1443 pictoris
868 1378 982 1427 manus
1011 1360 1063 1426 his
1093 1360 1212 1428 litteris
1240 1365 1360 1428 nostris

57 1472 208 1550 inseruit,
232 1471 333 1536 libere
356 1472 473 1554 vbiqne
495 1472 638 1537 locorum
655 1473 702 1538 vti
725 1473 841 1539 debere
863 1477 897 1539 et
917 1491 1014 1555 posse
1036 1473 1070 1538 in
1093 1474 1240 1540 omnibus
1255 1474 1360 1554 bellis,

56 1583 197 1662 vexillis,
228 1584 401 1663 banderiiS,
434 1585 543 1665 scutis,
575 1585 728 1665 enceniis,
759 1583 860 1665 iestis,
885 1584 1165 1666 sollemnitatibus,
1187 1585 1306 1651 leticiis
1329 1592 1362 1651 et

56 1696 231 1778 triumphis
261 1697 456 1777 generaliter
477 1697 637 1762 vniuersis
659 1715 698 1762 ao
720 1698 753 1762 in
777 1697 884 1780 sigillo
907 1698 1052 1763 eiusdem
1083 1698 1224 1763 ciuitatis
1247 1703 1280 1763 et
1300 1698 1361 1763 hoc

55 1815 185 1873 semoto
219 1811 305 1874 omni
339 1828 601 1893 quommcunque
634 1810 862 1892 impedimento
895 1810 1061 1893 perpetuis
1094 1810 1293 1892 temporibus
1327 1813 1360 1876 in

56 1920 214 1986 futurum.
236 1920 326 1986 Nulli
342 1941 419 2004 ergo
436 1923 565 1987 omnino
581 1922 746 1987 hominum
768 1921 864 1986 liceat
884 1921 968 1987 hanc
989 1922 1139 2004 paginam
1161 1924 1263 1987 nostri
1286 1941 1359 1988 con-

57 2051 185 2112 sensus,
216 2035 448 2116 acceptacionis
471 2039 504 2100 et
527 2035 770 2117 approbacionis
798 2034 913 2118 quouis
936 2034 1030 2100 modo
1053 2034 1229 2117 infringere
1252 2036 1360 2101 antei

56 2165 140 2210 ausu
164 2148 335 2211 temerario
359 2148 600 2230 quomodolibet
621 2147 780 2213 contraire
803 2147 862 2212 sub
884 2165 968 2228 pena
993 2146 1228 2228 indignacionis
1250 2152 1360 2213 nostre

58 2258 149 2339 regie
166 2264 386 2323 nostrorumve
403 2277 634 2338 successorum,
659 2278 755 2342 quam
771 2258 1034 2325 contrafacientes
1050 2258 1200 2325 nouerint
1221 2277 1257 2325 se
1279 2259 1358 2323 irre-

58 2369 263 2435 missibiliter
285 2370 478 2436 incursuros.
523 2372 561 2435 ln
584 2390 720 2454 quorum
741 2371 837 2437 fidem
858 2372 917 2437 bas
940 2362 1066 2437 nostras
1090 2371 1213 2436 litteras
1235 2370 1304 2436 fieri
1327 2377 1360 2435 et

58 2481 163 2562 sigilli
192 2483 292 2546 nostri
323 2482 442 2564 regalis
473 2483 669 2565 appensione
691 2484 844 2549 iussimus
872 2485 1071 2551 communiri.
1116 2483 1235 2547 Datum
1256 2482 1391 2565 Prage,

56 2595 186 2659 decima
208 2601 322 2660 octaua
344 2595 396 2660 die
419 2596 539 2661 mensis
561 2595 691 2678 Aprilis,
715 2615 797 2662 anno
821 2597 942 2663 domini
958 2596 1128 2662 millesimo
1145 2595 1359 2678 quadringen-

57 2708 175 2771 tesimo
199 2708 434 2788 septuagesimo
458 2709 605 2790 septimo,
628 2710 720 2792 regni
742 2710 844 2775 nostri
867 2728 951 2774 anno
974 2714 1075 2775 sento.

166 2820 214 2885 Ad
244 2821 436 2886 relacionem
469 2821 589 2887 domini
612 2821 768 2888 Samuelis
800 2822 839 2887 de
862 2821 993 2887 Hradek
1022 2827 1056 2887 et
1076 2821 1263 2902 Waleczow,
1287 2840 1358 2888 snc-

54 2934 227 2997 camerarii
254 2933 344 3015 regni
361 2932 514 2997 Bolnemie

269 3046 424 3126 magister
437 3044 589 3110 Nicolaus
613 3047 651 3111 de
675 3046 807 3124 Ledecz,
832 3046 1003 3110 canonicus
1019 3044 1312 3127 Wyasegradensis

165 3198 237 3266 Orig.
256 3200 356 3252 rarcb.
375 3217 408 3252 m.
422 3199 511 3268 Prahy
523 3200 544 3263 I,
562 3202 585 3253 t.
601 3207 642 3253 ⁶23.
661 3193 780 3268 Spedetl
797 3199 966 3253 kralorskou
986 3214 1016 3252 se
1034 3198 1122 3266 znalry
1140 3202 1210 3252 zemi
1224 3181 1357 3267 deskpeh.

59 3292 216 3364 l'prostied
233 3293 327 3361 listiuy
344 3295 504 3362 rymalovan
522 3294 592 3362 uovpi
610 3295 681 3347 znalr
700 3294 814 3348 Stareho
833 3296 921 3348 mesta
938 3292 1105 3347 Praislrdbo.
1134 3293 1196 3346 List
1213 3299 1288 3346 tento
1310 3308 1357 3362 po·

58 3389 167 3443 tvrdili:
185 3387 341 3442 Ferdinand
359 3392 379 3443 I.
399 3406 434 3443 na
451 3389 537 3443 hradd
554 3389 703 3443 Praiskem
722 3395 745 3443 4.
767 3389 893 3457 prosince
908 3394 982 3458 1558,
1000 3385 1155 3441 Fordinand
1173 3387 1206 3440 ss.
1226 3401 1257 3440 re
1275 3386 1357 3440 Vidni

57 3494 86 3538 a.
103 3483 197 3538 dubna
218 3490 293 3552 1627,
311 3484 466 3538 Fordinand
477 3485 524 3538 III.
543 3501 558 3536 v
570 3484 730 3553 Preipurlru
744 3491 784 3538 13.
804 3483 904 3537 ludina
917 3490 993 3552 1649,
1011 3482 1098 3536 blarie
1109 3482 1220 3536 Teresie
1232 3497 1263 3535 se
1277 3481 1358 3535 Vidni

60 3588 100 3633 16.
120 3582 220 3633 demna
240 3583 305 3632 1147
325 3595 342 3632 a
359 3579 503 3633 Frontiielr
524 3582 544 3633 Ι.
561 3595 594 3634 ve
612 3578 694 3634 Vidni
714 3585 754 3634 13.
772 3579 873 3633 kvdtrm
892 3584 967 3634 1808.

609 3805 713 3889 *ds
740 3824 811 3888 177.

443 3996 545 4063 1477.
580 3998 635 4063 22.
658 3996 811 4064 dorvna.
845 3994 977 4063 Viden.

59 4165 155 4232 coar
175 4166 323 4229 Fridm'cd
345 4167 404 4230 III.
428 4171 579 4253 oczndcoy'e
601 4169 720 4243 oddoni,
744 4175 775 4232 ic
798 4169 944 4231 Proicere
970 4169 1113 4251 opeiodi
1135 4164 1253 4229 bolom
1282 4163 1355 4228 Via-

56 4279 212 4343 dislaccrn
239 4282 364 4361 pomoci
388 4280 533 4343 odlcdoou
555 4302 608 4342 mac
632 4280 778 4363 pampeli,
804 4283 966 4364 potorzuje
993 4278 1175 4363 pricilcpia,
1203 4279 1256 4362 joi
1284 4275 1356 4362 ody-

54 4392 194 4455 cotelaim
216 4388 347 4453 Storcbo
369 4394 464 4453 irrisio
486 4390 659 4455 Pcoa'sloebo
681 4414 724 4454 rea
746 4390 881 4475 zleps'eca'
902 4395 977 4453 sotto
995 4389 1161 4453 mistakelco
1176 4412 1198 4452 a
1211 4411 1256 4452 oa
1270 4410 1355 4453 oaoo·

54 4504 165 4569 bozcoi
187 4501 228 4567 od
249 4501 299 4565 cla
321 4525 342 4564 a
363 4506 459 4586 oaejta
478 4525 520 4586 po
543 4502 606 4566 celc‘
616 4504 677 4565 tia·
691 4484 820 4566 I'iimslcd
836 4503 887 4587 opi
909 4502 1017 4577 ardeia,
1041 4501 1211 4587 dobladaje
1225 4501 1247 4564 lc
1261 4511 1354 4576 tomo,
