3068 5160
171 345 234 408 288
782 347 856 396 rara.

170 552 350 629 didicimus,
368 550 481 633 qribus
496 549 651 615 hactenus
667 555 809 630 utuntur,
824 550 973 616 fruuntur
989 557 1022 616 et
1036 553 1179 634 gaudent
1190 573 1263 619 cum
1275 555 1356 620 bona
1366 555 1436 620 liber

170 670 236 730 tate
257 665 298 729 ad
321 661 570 729 consolationem
600 681 691 727 suam
714 681 856 745 suaeque
877 665 1076 746 posteritatis
1107 666 1294 746 specialem.
1335 664 1435 732 Acoelit

170 776 321 855 adhaec,
345 775 428 858 qvod
451 775 676 841 serenissimus
692 781 725 840 et
740 775 1028 842 excellentissimus
1052 779 1211 861 princeps,
1236 777 1434 844 dominus-lli

169 889 305 967 dancus,
321 888 535 954 Romanorum
551 888 724 969 imperator
747 906 873 970 semper
894 895 1049 970 augustus
1072 896 1143 970 etc,
1167 890 1317 955 dominus
1338 895 1368 956 et
1384 907 1433 957 corr

169 1000 364 1082 sanguineus
379 1003 489 1066 noster
511 1000 728 1079 charissimua
746 1000 974 1066 animadversis
990 1003 1146 1084 inprimis
1163 1003 1241 1068 dum
1259 1000 1433 1070 olimallio

169 1115 321 1180 nensibus
346 1114 478 1194 civibus
503 1113 639 1179 subditis
655 1113 784 1192 nostris,
808 1115 905 1178 armis
928 1134 1195 1196 oppugnamur,
1215 1121 1344 1181 strenuo
1364 1110 1432 1180 urat

168 1233 201 1292 et
222 1231 369 1308 prompto
392 1244 430 1290 ac
451 1226 543 1291 nobis
565 1232 642 1291 tuno
664 1225 735 1291 utili
755 1225 948 1308 adjumento,
972 1227 1112 1310 itemque
1135 1228 1303 1294 laboribus
1317 1246 1353 1293 ao
1366 1223 1432 1301 cuit

169 1339 283 1420 quibus
317 1339 421 1404 dictae
444 1339 582 1403 civitatis
604 1344 733 1403 nostrae
755 1337 865 1403 Novae
887 1338 1057 1420 Pragensis
1089 1341 1175 1406 cives
1198 1345 1233 1406 et
1255 1338 1373 1406 incolae
1389 1338 1434 1421 iu

168 1456 313 1516 recenter
346 1467 423 1515 suae
458 1451 622 1516 serenitati
655 1451 822 1515 nobiscum
855 1470 919 1515 una
952 1452 1104 1515 adversus
1138 1452 1268 1518 hostem
1300 1453 1435 1535 utriusuw

169 1567 313 1627 nostrum
344 1581 551 1642 communem,
582 1564 699 1645 ubique
728 1563 826 1628 nullis
856 1563 1011 1645 impensis
1045 1564 1251 1646 indulgentes
1279 1560 1435 1649 impigram

169 1674 328 1739 indefesse
351 1674 554 1753 assistebant,
585 1680 621 1738 ut
651 1674 726 1739 inde
756 1676 853 1757 digna
882 1677 1025 1758 praemia
1048 1678 1188 1742 sentiant
1218 1696 1350 1743 suorum
1376 1705 1435 1739 oo.

168 1793 290 1867 torum,
331 1787 417 1851 idem
450 1786 598 1851 dominus
632 1787 803 1868 imperator
837 1789 940 1870 ipsam
975 1790 1135 1854 civitatem
1168 1795 1202 1854 et
1236 1791 1368 1857 inhabi
1392 1816 1402 1846 u
1434 1783 1439 1854 ἧ

169 1899 313 1965 eiusdem
336 1918 394 1980 pro
416 1905 559 1980 tempore
590 1900 766 1965 existentes·
793 1901 897 1983 gratia
927 1920 986 1966 sua
1015 1902 1171 1983 singulari
1197 1903 1357 1969 honorare
1381 1929 1404 1958 o
1425 1921 1436 1984 s

168 2012 250 2077 endo
280 2030 369 2076 arma
397 2011 549 2094 ipsorum,
585 2031 665 2095 qvae
694 2013 813 2077 dudum
845 2015 1039 2093 obtinebant,
1064 2013 1232 2081 videlicet:
1260 2017 1340 2081 duas
1367 2040 1390 2069 *u
1406 2020 1434 2097 ι]

168 2125 233 2191 albi
260 2124 376 2190 coloris
399 2143 496 2206 supra
523 2130 648 2207 portam
671 2125 704 2188 in
727 2131 828 2206 scuto,
861 2127 944 2190 inter
974 2145 1051 2209 qvas
1075 2128 1123 2191 vir
1153 2133 1299 2195 armatus
1321 2147 1372 2194 aru

168 2237 346 2318 meliorare,
371 2239 530 2317 decorare,
562 2236 728 2316 nobiliora,
758 2238 995 2319 praestantiora
1016 2245 1049 2303 et
1071 2241 1236 2304 ornatiora
1264 2239 1384 2306 efficere
1430 2282 1431 2286 =

169 2351 277 2432 crevit,
308 2352 387 2433 ipsis
417 2350 557 2415 turribus
580 2354 613 2415 et
635 2354 746 2430 portae
776 2351 966 2415 auctoritate
998 2350 1158 2431 imperiali
1185 2351 1334 2418 addendo
1353 2356 1384 2416 et
1424 2371 1426 2376 ·

167 2464 328 2546 iungendo
359 2467 446 2528 certa
475 2464 567 2545 signa
596 2461 782 2540 nobilitatis,
817 2462 862 2525 ita
893 2468 928 2527 ut
957 2462 1043 2526 dicta
1072 2481 1169 2543 arma,
1199 2483 1283 2546 qvae
1312 2482 1380 2529 auo
1407 2491 1408 2501 ¹
1432 2483 1434 2494 ⁴

168 2576 343 2658 imperialis
366 2576 430 2640 iam
445 2575 549 2640 dictae
566 2574 687 2639 civitati
700 2573 810 2639 Novae
832 2574 986 2655 Pragensi
1009 2576 1147 2654 donavit,
1172 2576 1205 2640 in
1229 2576 1312 2642 hanc
1332 2575 1362 2641 io
1384 2607 1386 2629 2
1416 2644 1431 2653 ,,

168 2694 244 2754 sunt
263 2689 401 2767 redacta,
423 2686 589 2753 videlicet:
614 2692 739 2752 scutum
761 2687 849 2750 iuxta
863 2686 1015 2750 vexillum
1038 2688 1138 2767 aurei,
1154 2688 1247 2753 rubei
1271 2693 1304 2752 at
1324 2684 1384 2754 albi
1397 2696 1435 2748 o·

168 2801 272 2865 lorum
285 2801 319 2864 in
334 2799 455 2878 lancea,
479 2799 513 2864 in
536 2799 595 2865 hoc
619 2805 708 2864 scuto
732 2799 814 2864 duae
836 2805 942 2864 turres
958 2805 1033 2863 sunt
1047 2801 1214 2865 inauratae
1230 2818 1329 2882 supra
1340 2816 1377 2883 po
1396 2796 1417 2839 ‘7

169 2912 317 2978 similiter
346 2911 434 2976 aurei
465 2911 591 2991 coloris,
624 2912 708 2976 inter
738 2912 795 2976 has
819 2911 912 2976 homo
936 2917 1078 2976 armatus
1109 2931 1182 2976 cum
1208 2911 1317 2995 gladio
1338 2893 1438 2978 debeb

169 3030 282 3090 tenens
304 3025 338 3088 in
359 3028 488 3105 pectore
519 3029 642 3088 scutum
672 3043 804 3089 aureum
834 3043 905 3088 cum
935 3023 1027 3104 nigra
1057 3024 1164 3107 aqvila
1186 3024 1319 3107 bicipite
1340 3040 1410 3090 corr
1440 3063 1441 3067 =

153 3137 263 3216 citur,
293 3154 390 3217 supra
418 3135 477 3201 boc
500 3140 624 3201 scutum
647 3141 697 3200 est
718 3136 820 3217 galea,
844 3137 877 3200 in
904 3154 965 3218 qva
988 3155 1136 3201 coronam
1161 3136 1387 3219 imperialem·

171 3248 295 3332 aquilae
327 3249 439 3330 nigrae
472 3248 533 3312 alis
562 3251 702 3313 extensis
731 3248 866 3330 pedibus
896 3254 1005 3314 tenere
1036 3248 1194 3327 videntur,
1237 3249 1284 3315 sic
1314 3268 1365 3332 qr
1437 3265 1443 3294 1

171 3362 300 3426 modum
323 3360 418 3425 litera
431 3360 576 3425 eiusdem
591 3360 787 3425 serenissimi
811 3360 931 3424 domini
947 3360 1149 3441 imperatoris
1165 3360 1346 3443 majestatis
1364 3360 1418 3433 ὧν
1439 3363 1444 3414 1

170 3474 309 3555 desuper
323 3471 497 3551 obfirmata,
522 3492 654 3555 cumque
675 3473 800 3554 pictura
815 3473 849 3537 in
868 3472 980 3537 eadem
1003 3472 1134 3550 inserta,
1158 3472 1246 3538 claro
1269 3472 1374 3539 demo
1447 3521 1450 3526 ν

170 3591 203 3650 et
225 3584 374 3665 ostendit,
405 3604 500 3667 qvam
529 3585 580 3649 bis
603 3585 707 3650 literis
736 3585 854 3649 nostris
885 3582 985 3649 inseri
1015 3584 1185 3664 iussimus;
1208 3590 1243 3649 et
1265 3586 1407 3669 sequitur
1440 3591 1443 3594 ’

170 3697 249 3763 haec
270 3698 384 3762 verba:
407 3696 477 3761 Wir
497 3696 662 3762 Friderich
684 3702 744 3762 etc.
790 3696 977 3780 (Nasleduje
1005 3696 1102 3779 vy'tah
1124 3716 1141 3760 z
1163 3696 1242 3762 listu
1273 3696 1377 3765 cisalo

170 3809 282 3874 drioba
301 3809 361 3875 111.
385 3810 475 3874 dvc
497 3807 594 3874 Vidni
616 3810 668 3874 26.
692 3808 808 3874 cervna
830 3809 912 3873 1477
937 3808 963 3874 d.
989 3808 1075 3889 178.)
1109 3807 1211 3873 Nobis
1233 3809 1344 3893 itaqvo
1373 3839 1396 3865 a·
1438 3861 1439 3869 ,

170 3921 289 3987 rabiles
319 3921 473 4003 magister
503 3920 620 3986 civium
649 3926 682 3985 et
712 3920 896 3986 consulatus
927 3939 1024 4002 supra
1054 3920 1158 3985 dictae
1188 3918 1303 3987 Novae
1329 3938 1405 3987 or·

171 4040 299 4100 nostrae
320 4034 501 4116 Pragensis‚
532 4033 643 4099 fideles
674 4035 776 4099 nostri
805 4034 924 4114 dilecti,
955 4051 1013 4098 suo
1045 4037 1077 4098 et
1105 4033 1206 4098 totius
1229 4050 1350 4099 comm
1369 4062 1405 4087 ιι·
1429 4043 1431 4046 ’

172 4146 298 4214 nomine
313 4147 478 4212 humiliter
493 4147 762 4229 supplicaverunt,
787 4152 941 4229 quatenus
957 4147 997 4210 de
1012 4144 1224 4211 beneficentia
1246 4150 1363 4213 nostro
1404 4137 1432 4198 fi

172 4260 234 4325 ianr
257 4260 413 4325 dictorum
443 4279 603 4325 armorum
626 4277 684 4323 seu
714 4259 926 4340 insigniorum
957 4258 1101 4323 eiusdem
1130 4255 1273 4323 civitatis
1304 4286 1344 4318 ur-
1373 4283 1410 4317 uu
1431 4291 1458 4351 ,

171 4390 273 4450 onem,
290 4372 436 4437 decorem
446 4378 479 4437 et
491 4377 711 4437 ornamentum
725 4389 875 4437 caesarea
890 4370 1080 4436 auctoritate
1095 4369 1205 4435 datum
1220 4374 1256 4435 et
1269 4386 1366 4439 οοιινι
1445 4375 1446 4380 ’

172 4489 266 4566 prout
286 4484 337 4548 bis
360 4484 476 4548 litteris
498 4483 617 4549 nostris
639 4500 752 4547 manus
775 4482 907 4564 pictoris
922 4481 1068 4562 inseruit,
1090 4484 1270 4563 acceptare,
1291 4480 1402 4567 approl
