3068 5160
815 319 890 369 1³³8.

668 508 1035 603 mmmmm

516 690 615 761 1338.
648 689 680 756 9.
704 688 899 755 cervencc.
939 683 1202 753 Lucemburk.

312 880 377 947 Nos
397 868 559 933 lohannes
583 863 635 927 dei
658 862 766 943 gracia
788 860 920 927 Boemie
941 878 998 925 rer
1019 876 1058 924 ac
1079 858 1405 943 Lucemburgensis
1420 878 1509 925 comes

217 1008 254 1077 „q
275 992 489 1060 vniuersorum
513 974 664 1041 noticiam
686 980 797 1038 tenore
820 972 1021 1057 presencium
1042 971 1198 1037 volumus
1225 973 1426 1054 peruenire.
1447 974 1507 1037 Tun

217 1124 291 1183 ΜΗΘ
312 1114 406 1179 agere
429 1090 587 1155 credimus
611 1094 644 1153 et
666 1089 707 1153 ad
729 1088 883 1153 honorem
904 1084 1005 1151 nostri
1027 1083 1171 1149 nominis
1195 1103 1273 1149 non
1298 1087 1463 1153 modicum
1477 1106 1507 1149 re

215 1226 357 1311 putamus
381 1204 541 1281 accedere,
566 1201 718 1284 quociens
738 1201 818 1266 etin
836 1203 1118 1283 quantumcunque
1140 1197 1344 1275 libertates,
1370 1199 1505 1264 commob

212 1340 244 1399 (a
264 1319 424 1407 proiectus
447 1314 615 1379 ciuitatum
644 1318 826 1378 nostrarum
855 1309 1037 1394 ampliando
1063 1309 1190 1374 nostris
1226 1314 1443 1395 temporibus
1462 1326 1504 1376 su·

108 1500 113 1513 ..
212 1446 349 1507 deomus.
373 1428 509 1492 Dilectis
532 1426 631 1508 igitur
652 1425 745 1491 nobis
769 1424 894 1489 ciuibus
916 1423 1050 1488 Minoris
1072 1422 1227 1488 ciuitatis
1254 1424 1446 1507 Pragensis
1466 1442 1504 1505 qrn¹

211 1545 301 1633 «quasi
324 1546 421 1622 caput
442 1540 526 1604 inter
547 1556 666 1620 paruas
683 1537 832 1602 ciuitates
846 1536 978 1600 Boemie
992 1553 1031 1600 ex
1046 1532 1280 1601 diuturnitate
1304 1544 1411 1621 atque
1431 1538 1504 1619 rym-

193 1654 330 1725 ·censeri
353 1652 488 1729 videtur,
521 1669 667 1733 quosque
689 1650 782 1715 uobis
805 1650 837 1713 in
859 1646 922 1713 fide
944 1654 978 1712 et
999 1646 1179 1712 deuocioue
1203 1648 1282 1714 iam
1307 1651 1501 1733 longorum

208 1775 279 1836 acto
302 1773 447 1847 tempore
468 1764 510 1828 ab
533 1769 664 1844 experto
691 1752 833 1828 sinceros
855 1762 1013 1837 nouimus,
1043 1764 1078 1824 rt
1099 1759 1141 1823 de
1165 1760 1260 1841 ipsis
1286 1760 1357 1830 fide
1380 1773 1411 1830 et
1432 1764 1501 1827 dene

209 1883 299 1945 cione
333 1879 417 1958 grati
450 1876 574 1940 fructus
608 1875 808 1940 dulcedinem
841 1894 861 1939 a
891 1880 1002 1938 nostra
1035 1871 1238 1938 celsitudine
1278 1894 1319 1942 se
1349 1888 1497 1960 reportas

207 1992 377 2071 gaudeant,
400 1989 482 2054 hanc
504 1989 643 2071 graciam
665 1986 799 2052 facimus
829 1988 1075 2069 inperpetuum
1100 1983 1322 2069 ‹iuraturam
1353 1998 1497 2055 currens

208 2104 341 2167 firmiter
363 2108 397 2167 et
418 2102 571 2179 volentes
602 2100 688 2182 quod
710 2099 861 2180 deinceps
882 2116 946 2162 non
972 2095 1177 2162 obstantibus
1210 2100 1487 2168 consuetudinibus.

209 2215 388 2296 priuilegiis
411 2232 469 2279 seu
488 2213 617 2295 juribus
648 2211 904 2294 quibuscumque
934 2208 1058 2275 ciuibus
1088 2208 1242 2276 ciuitatis
1270 2222 1385 2279 nostre
1400 2210 1483 2275 intio

209 2328 393 2391 mericensis
423 2326 463 2390 ab
494 2326 627 2408 antiquo
650 2324 691 2389 de
716 2324 790 2405 jure
812 2323 863 2388 vel
885 2320 1119 2388 consuetudine
1149 2321 1245 2389 datis
1282 2328 1340 2393 vel
1365 2320 1487 2391 oncms'n

208 2437 344 2519 predicti
367 2440 455 2502 ciues
478 2438 510 2501 in
533 2456 643 2501 eorum
666 2436 788 2519 Judicio
810 2454 869 2517 pro
893 2435 1136 2518 quibuscunque
1161 2437 1320 2520 casibus,
1345 2438 1429 2519 culpis
1446 2450 1489 2496 sen

207 2547 370 2613 forefactis
394 2549 530 2630 predicti
547 2549 634 2612 ciues
649 2549 682 2612 in
700 2567 809 2613 eorum
828 2548 950 2631 judicio
964 2547 1055 2612 iuxta
1075 2562 1189 2611 eorum
1205 2545 1326 2630 fidem,
1351 2570 1408 2635 qua
1418 2546 1489 2630 juder

209 2668 241 2724 et
260 2659 359 2741 jurati
377 2662 445 2724 beo
461 2666 494 2724 et
509 2660 601 2724 nobis
615 2661 739 2725 astricti
762 2666 845 2737 sunt,
870 2660 1048 2725 sentencias
1065 2664 1097 2723 et
1108 2659 1186 2741 jura
1206 2661 1386 2743 judicandi
1400 2663 1489 2727 dicta:

209 2779 241 2835 ct
271 2773 468 2836 sentens-ient
496 2791 555 2853 pro
586 2790 694 2836 eornm
721 2773 814 2837 libitu
844 2773 1027 2848 voluntatis,
1058 2771 1215 2849 nolentes,
1253 2794 1300 2841 ne
1331 2780 1448 2842 inantea
1470 2774 1489 2834 ir

209 2887 272 2947 iarn
295 2884 380 2948 dicta
403 2884 536 2948 ciuitate
558 2885 832 2951 Lutbomericensi
855 2886 906 2950 vel
927 2886 1007 2949 alios
1034 2902 1092 2965 pro
1115 2885 1364 2968 inuestigandis
1387 2898 1417 2952 et
1437 2902 1489 2968 qne

210 2996 317 3060 rendis
335 2996 463 3077 juribus
486 2997 670 3078 aliqualiter
692 3015 727 3060 se
749 2996 892 3077 fatigent.
930 2997 1081 3061 Preterea
1102 2996 1142 3059 ab
1166 2998 1322 3081 antiquo,
1345 3009 1437 3083 prout
1455 3014 1489 3058 cr·

208 3110 291 3189 perti
314 3127 434 3179 sumnus,
459 3115 509 3173 cst
532 3117 722 3174 consuetum
754 3115 787 3173 et
816 3110 856 3173 de
879 3109 939 3174 hoc
960 3109 1096 3189 predicti
1127 3109 1217 3173 ciues
1251 3115 1361 3178 nostri
1385 3109 1488 3177 Minori>

208 3222 350 3286 ciuitatis
373 3223 570 3302 priuilegiati
586 3227 669 3300 sunt,
696 3223 781 3304 ‹qrrod
802 3222 921 3304 rbique
936 3222 968 3285 in
982 3240 1081 3303 regno
1103 3227 1215 3285 nostro
1230 3223 1374 3297 Boenrie
1395 3226 1489 3303 aisqu

206 3334 370 3400 solucione
400 3334 541 3399 thelonei
573 3353 645 3400 cum
675 3353 787 3399 eornm
817 3333 909 3398 bonis
933 3340 966 3398 et
988 3334 1147 3398 mercibus
1170 3332 1278 3401 iibere
1303 3340 1488 3403 transierunt.

206 3467 264 3512 nos
280 3446 463 3512 huiusmodi
486 3448 625 3529 graciam
644 3448 723 3528 ipsis
739 3447 779 3512 de
794 3445 988 3512 liberalitate
1002 3447 1093 3527 regio
1107 3447 1284 3527 benignius
1310 3451 1488 3515 innonamns.

205 3559 384 3624 sanccimus
407 3565 440 3623 et
463 3559 664 3639 admitamus,
695 3565 729 3623 rt
750 3559 868 3641 vbique
898 3558 931 3621 in
962 3577 1061 3641 regno
1091 3564 1202 3623 nostro
1225 3559 1367 3627 Boemie
1394 3562 1486 3641 absqu

204 3671 338 3736 dacione
348 3677 381 3735 et
388 3671 601 3753 requisitione
617 3672 760 3754 qualibet
774 3671 938 3753 perpetuis
952 3671 1149 3753 temporibus
1164 3673 1347 3752 procedant
1363 3680 1396 3740 et
1411 3684 1489 3739 tran:v

205 3788 289 3849 eant.
312 3783 352 3847 ab
376 3783 557 3848 huiusmodi
579 3783 720 3849 thelonei
747 3784 913 3865 exigencia
935 3784 1030 3849 liberi
1046 3790 1080 3849 et
1094 3785 1244 3864 exempti,
1270 3791 1307 3850 et
1323 3788 1490 3852 mandamns

204 3894 364 3959 vninersis
386 3894 535 3959 fidelibus
558 3896 676 3960 nostris
700 3896 883 3961 theloneum
914 3895 1105 3961 habentibus
1128 3900 1161 3959 et
1183 3914 1397 3982 quocumque
1419 3896 1488 3963 mul·

205 4006 441 4084 possidentibus
475 4007 608 4071 firmiter
637 4013 671 4073 et
700 4026 860 4089 expresse,
891 4014 1050 4090 quatenus
1081 4026 1191 4072 omnes
1223 4015 1256 4073 ot
1289 4011 1438 4093 singulos
1465 4006 1491 4070 al

205 4114 275 4194 ipsa
297 4118 426 4182 ciuitate
450 4119 566 4184 blinori
589 4121 743 4201 Progensi
773 4140 845 4185 cnm
875 4121 971 4185 rebus
995 4126 1028 4185 et
1050 4120 1210 4185 mercibus
1242 4140 1361 4189 eorum
1387 4132 1491 4189 trans-

206 4232 297 4289 untes
319 4231 446 4294 racione
470 4232 610 4297 thelonei
627 4252 690 4297 non
707 4234 863 4315 impedire
889 4238 1084 4314 presumant,
1109 4233 1165 4298 scd
1181 4234 1298 4314 pocius
1322 4238 1491 4319 permittant

204 4337 342 4417 eosdem,
366 4348 398 4405 rt
422 4345 624 4423 promittitur,
649 4364 720 4411 curn
743 4346 841 4411 robus
864 4345 932 4409 suis
963 4343 1110 4409 omnibus
1142 4343 1246 4411 libere
1270 4354 1306 4413 et
1330 4352 1403 4417 sine
1424 4346 1491 4415 onni

204 4448 371 4515 exaccione
402 4453 542 4518 thelonei
573 4456 704 4537 pacifice
735 4457 941 4539 pertransire,
973 4462 1070 4538 prout
1100 4456 1366 4536 indignacionem
1389 4462 1490 4541 resim
