3090 5370
121 379 182 440 120
734 377 808 426 1359.

118 585 204 647 iliata
227 584 420 663 proprietate
453 582 637 659 consistere,
670 581 809 662 insignia
832 599 960 664 quoque
981 598 1104 662 regum,
1128 581 1220 661 regni
1244 585 1279 644 et
1303 599 1413 645 corone

119 696 292 759 errrnndonr
323 694 392 758 loca
415 695 553 758 existere
575 694 793 772 dinoscuntur,
825 693 1034 759 consideratis
1062 692 1296 775 multiplicibus
1321 693 1413 774 gratis

118 816 151 873 ot
165 810 305 888 acceptis
322 807 495 889 obsequiis,
512 807 628 890 quibus
644 807 741 884 ciues,
758 806 862 870 incole
878 812 911 869 et
926 806 1073 871 homines
1084 804 1259 870 eorundem
1276 805 1413 870 locorum

118 940 231 1001 rnagno
255 921 370 997 studio,
393 932 574 1001 magnaque
597 918 659 985 fide
682 924 715 982 et
737 918 909 999 diligencia
931 935 1053 1000 suoque
1078 917 1209 983 culmini
1237 917 1415 982 seruiemut

117 1052 154 1097 ac
176 1034 370 1098 tenebuntur
391 1037 425 1096 et
445 1036 596 1113 poterunt
609 1032 731 1096 seruire
745 1036 834 1095 tanto
850 1029 1040 1113 propensius
1064 1031 1097 1095 in
1120 1027 1273 1107 futurum,
1299 1036 1412 1110 quanto

119 1147 296 1226 preciosius
320 1145 485 1210 libertates
500 1162 611 1208 eorum
634 1148 668 1208 et
689 1144 927 1225 exempcionem
943 1143 982 1207 ab
998 1142 1139 1224 angariis
1155 1142 1308 1223 dignatus
1324 1141 1414 1206 fuerit

117 1277 304 1339 propagare,
336 1256 513 1338 imperialis
536 1256 805 1322 consideracionis
839 1259 1029 1320 conuertens
1052 1254 1202 1319 intuitum
1233 1273 1272 1319 ac
1294 1254 1413 1336 predic·

118 1377 222 1434 tarnim
255 1370 419 1434 ciuitatum
443 1375 475 1434 et
497 1369 640 1433 locorum
671 1387 728 1433 seu
759 1386 868 1432 earnm
896 1372 1061 1432 eteorum
1085 1365 1258 1431 cuiuslibet
1282 1366 1412 1441 ciuibus,

120 1482 243 1562 incolis
278 1483 460 1548 hominibus
491 1488 523 1546 et
553 1480 820 1552 inhabitatoribus
850 1479 990 1561 graciam
1018 1478 1131 1543 uolens
1159 1479 1198 1543 de
1221 1479 1336 1544 innata
1357 1478 1414 1543 sibi

119 1595 293 1661 clemencia
315 1595 420 1660 facere
444 1593 625 1676 specialem,
649 1592 807 1659 adfinem
830 1592 991 1674 precipue,
1023 1596 1058 1656 vt
1079 1591 1191 1656 eedem
1215 1591 1364 1656 ciuitates
1386 1597 1417 1653 et

119 1709 275 1772 locatam
305 1725 476 1772 numerosa
506 1706 707 1788 populorum·
722 1705 927 1770 multitudine
959 1703 1161 1787 amplientur,
1192 1722 1290 1787 quam
1313 1721 1414 1769 rerum

119 1821 262 1885 ubertate
285 1827 318 1884 et
333 1820 521 1884 diuiciarum
548 1819 640 1900 copia
658 1819 865 1901 preditentur,
889 1818 930 1881 ad
945 1818 1097 1881 honorem
1113 1815 1272 1897 siquidem
1292 1814 1415 1897 proprie

119 1933 297 1998 maiestatis
319 1933 472 2014 regnique
496 1933 546 1997 sui
568 1931 701 1995 Boemie
724 1949 762 1996 ac
783 1930 919 2011 insignis
942 1930 1012 1993 eius
1039 1946 1155 1995 corone
1180 1925 1289 1992 felicia
1319 1929 1415 1993 incre-

119 2050 228 2109 menta
249 2045 355 2109 animo
379 2045 565 2123 deliberato,
581 2045 700 2109 nostris
720 2049 755 2108 et
769 2042 905 2107 aliorum
921 2042 1110 2123 principum,
1126 2039 1414 2107 ecclesiasticorum

119 2164 152 2221 et
174 2157 376 2236 secularium,
393 2157 605 2222 coelectorum
621 2161 802 2221 nostrorum
817 2154 1041 2220 accedentibus
1056 2152 1190 2219 consilio
1210 2157 1244 2217 et
1259 2171 1413 2218 consensu

118 2270 279 2352 predictos
303 2270 400 2349 eines,
433 2269 564 2349 incolas,
595 2268 740 2333 homines
769 2276 803 2332 et
831 2267 1027 2331 habitatores
1054 2265 1413 2348 ciuitatumPragensis

119 2389 151 2447 et
180 2381 472 2462 Wratislauiensis,
504 2400 562 2447 nec
593 2400 656 2446 non
687 2380 807 2445 Montis
838 2379 1023 2443 Clruttensis
1053 2384 1086 2444 et
1116 2377 1202 2460 opidi
1230 2376 1413 2455 Sulczbach,

117 2495 174 2577 qni
196 2515 281 2561 nunc
303 2501 433 2561 suntet
456 2496 509 2578 qui
529 2500 682 2577 perpetuo
699 2492 818 2557 fuerint
833 2494 866 2557 in
888 2491 1040 2571 futurum,
1063 2491 1281 2573 cuiuscunque
1305 2496 1414 2567 status,

119 2607 243 2688 operis,
274 2608 520 2689 negociaeionis,
556 2605 653 2671 officii
683 2605 734 2669 vel
765 2604 960 2669 condicionis
991 2603 1138 2681 existant,
1169 2622 1188 2666 a
1213 2604 1414 2684 prestatione

117 2725 150 2781 et
172 2718 335 2783 solucione
358 2719 509 2798 thelonei,
533 2717 618 2800 quod
641 2717 673 2781 in
690 2716 912 2781 Frankenfnrd
935 2735 1031 2797 snper
1054 2715 1227 2796 Maganum
1255 2717 1316 2780 sub
1339 2734 1414 2798 quo-

120 2848 243 2911 cunque
273 2838 436 2911 pretextu,
471 2831 599 2896 nomine
634 2827 686 2894 uel
722 2828 828 2894 colore
859 2847 878 2892 a
909 2829 1150 2911 quibuscunque
1179 2828 1328 2909 personis
1363 2846 1416 2891 seu

121 2940 337 3022 quarumlibet
357 2961 565 3023 personarum
586 2944 693 3020 rebus,
724 2943 817 3007 bonis
839 2946 872 3005 et
894 2942 1053 3006 mercibus
1084 2940 1327 3024 quibuscunque
1354 2941 1417 3003 eni·

120 3054 206 3135 gitur
227 3060 260 3118 et
289 3055 424 3134 leuatur,
455 3055 615 3137 imperiali
641 3055 830 3120 auctoritate
861 3072 899 3117 en
930 3059 1016 3118 certa
1039 3053 1178 3118 sciencia
1204 3070 1264 3115 sua
1290 3052 1416 3130 exemit,

118 3166 259 3231 absoluit
280 3174 313 3232 et
335 3168 435 3234 eciam
450 3169 624 3247 libertuuit,
648 3187 685 3232 ac
708 3173 881 3248 exemptos,
911 3166 1034 3231 solutos
1057 3171 1090 3230 et
1111 3164 1231 3230 liberos
1254 3165 1419 3246 perpetuis

119 3280 316 3362 temporibus
346 3299 417 3345 esse
440 3281 556 3347 debere
579 3280 746 3346 constituit
767 3279 806 3344 de
831 3279 1007 3361 imperialis
1026 3277 1225 3360 plenitudine
1248 3276 1420 3358 potestatis

118 3393 241 3459 eisdem
271 3394 461 3459 auctoritate
484 3399 517 3458 et
538 3397 696 3475 potestate
727 3393 911 3470 decernens,
945 3391 1031 3474 qnod
1054 3389 1227 3472 enempcia
1254 3389 1419 3454 absolucio

118 3512 151 3570 et
182 3505 347 3571 libertacio
382 3523 441 3570 sna
473 3505 656 3570 huiusmodi
689 3504 789 3569 nullis
823 3504 938 3569 debeat
972 3502 1101 3583 infringi
1132 3501 1331 3583 temporibus
1365 3501 1418 3567 nel

120 3619 363 3702 quibuscunque
385 3616 469 3683 dolis
491 3624 547 3682 aut
569 3617 860 3683 machinacionibus
884 3615 1006 3681 aboleri
1030 3634 1086 3680 seu
1109 3615 1142 3678 in
1165 3614 1298 3678 dubium
1325 3633 1421 3679 reuo-

120 3732 196 3810 cari,
221 3732 278 3796 sed
300 3729 429 3812 plenam
452 3749 488 3795 ac
510 3729 763 3811 irrefragabilem
790 3730 935 3810 optinere
958 3733 1113 3809 perpetuo
1137 3726 1332 3792 firmitatem.
1378 3725 1421 3789 l't

120 3844 205 3908 enim
227 3843 411 3908 huiusmodi
434 3861 492 3907 sua
514 3842 675 3924 exempcio
692 3847 724 3906 et
738 3841 904 3906 libertacio
922 3842 954 3905 in
970 3832 1165 3904 obliuionem
1181 3857 1244 3903 non
1265 3844 1420 3913 transeat,

121 3954 178 4019 sed
201 3955 318 4036 iugiter
340 3955 513 4021 stabilitate
536 3955 640 4020 solida
662 3959 856 4036 perseueret,
890 3972 961 4017 cum
984 3958 1117 4031 constet,
1149 3951 1234 4033 quod
1261 3951 1421 4032 prefatum

119 4064 323 4132 theoloneum
355 4068 545 4151 quibusdam
571 4067 675 4132 feudis
700 4066 926 4141 castrensibus,
957 4085 1018 4147 que
1042 4082 1061 4127 a
1084 4082 1174 4128 sacro
1197 4063 1341 4128 Romano
1366 4064 1422 4128 de·

121 4175 261 4257 pendent
283 4179 427 4261 imperio,
452 4182 688 4260 incorporatum
703 4178 844 4260 antiquis
860 4176 1057 4258 temporibus
1079 4175 1184 4240 extitit
1202 4181 1235 4239 et
1250 4195 1422 4253 annexum,

121 4306 161 4351 ne
190 4307 249 4368 per
277 4293 515 4372 exempcionem
539 4291 721 4356 huiusmodi
751 4289 829 4354 talia
859 4288 962 4368 feuda,
994 4307 1065 4371 pino
1095 4286 1239 4352 feudales
1266 4288 1329 4368 ipsi
1353 4289 1423 4352 suis

63 4472 67 4479 ¹
121 4398 312 4464 utilitatibus
342 4407 375 4466 et
404 4404 612 4484 prouentibus
643 4402 879 4478 defraudentur,
914 4399 984 4465 loco
1007 4400 1122 4482 prefati
1148 4398 1312 4464 tlreolonei
1339 4401 1423 4464 alios

122 4510 267 4576 redditus
289 4531 353 4578 non
377 4515 480 4578 solnm
508 4513 752 4597 equipollentes,
785 4514 842 4577 sed
868 4514 953 4576 iusta
983 4513 1111 4576 racione
1134 4511 1242 4575 habita
1274 4511 1424 4576 utiliores
