3068 5160
673 378 748 429 aa.
1315 377 1356 444 a1

53 583 232 663 bominum,
256 602 352 667 quem
367 582 570 649 dinumerare
585 601 677 650 nemo
692 587 808 665 potest,
832 588 865 649 et
878 583 1048 664 presertim
1063 590 1195 667 propter
1209 587 1360 667 generale

53 697 209 776 studium,
225 698 311 781 quod
322 698 356 763 in
367 697 453 761 dicta
468 696 599 762 ciuitate
614 696 761 761 duximus
772 696 994 776 ordinandum,
1011 714 1212 780 nequaquam
1228 701 1359 767 comode

54 815 194 893 possunt
215 829 339 893 capere,
371 810 510 875 salubris
533 808 727 891 prouisionis
750 809 884 876 consilio
914 808 1120 890 dilatandam,
1143 811 1359 894 ampliandam

53 930 86 989 et
108 924 151 990 de
174 942 260 990 nouo
276 924 310 990 iu
326 923 464 1002 modum,
487 921 720 1005 quisaquitur,
742 922 891 988 duximus
905 921 1115 989 limitaudam.
1137 920 1181 988 Vt
1195 923 1360 992 maistam

55 1037 170 1118 ipsam,
194 1055 292 1120 quam
313 1036 426 1102 localis
449 1035 606 1102 amenitas
627 1033 826 1116 plenitudine
840 1052 949 1101 rerum
970 1053 1027 1116 pre
1050 1035 1166 1101 catena
1187 1035 1357 1118 gratificat,

55 1147 277 1213 babitancium
298 1153 332 1213 et
353 1147 529 1213 incolarum
558 1146 727 1230 pluralitas
750 1152 784 1213 at
805 1146 979 1213 comoditas
1005 1144 1146 1213 efficiant
1165 1146 1239 1231 plus
1263 1149 1358 1216 solito

56 1261 237 1343 graciosam
258 1259 446 1342 prefataque
468 1259 584 1326 ciuitas
606 1258 697 1325 locus
716 1258 891 1324 creationis
914 1262 949 1325 et
968 1258 1128 1325 nutritura
1148 1264 1258 1327 nostm
1280 1260 1359 1327 fide·
1387 1306 1390 1311 Α

58 1373 169 1454 litatis,
206 1372 390 1438 constancia
412 1390 490 1453 arga
522 1376 665 1439 nostram
698 1369 922 1437 celsitudinem
958 1376 1182 1453 representans
1214 1372 1358 1455 monilia,

56 1505 152 1568 quam
184 1490 258 1551 ante
287 1485 379 1567 regni
401 1484 504 1566 ipsius
534 1488 683 1568 suscepta
711 1482 878 1566 regiminis
908 1501 1008 1549 onera
1036 1483 1096 1549 snb
1122 1484 1215 1551 anuis
1237 1486 1358 1553 teneam

57 1598 227 1664 dileximus
243 1601 277 1662 et
291 1597 325 1662 in
341 1598 472 1664 odorem
486 1601 697 1680 vngentorum
710 1614 842 1662 snorum
862 1613 990 1679 semper
1005 1595 1184 1679 aspiramus
1200 1596 1360 1664 indefesse

59 1711 159 1793 ipsius
183 1709 414 1776 sublimacione
436 1708 521 1775 infra
542 1710 644 1776 nostri
664 1709 812 1776 culminis
826 1710 995 1792 precordia
1009 1709 1139 1776 assidua
1152 1710 1359 1776 recumbente

60 1827 165 1888 nostre
195 1821 360 1888 felicitatis
389 1823 541 1888 hauriens
564 1839 664 1903 aquas
686 1822 726 1888 de
748 1820 889 1888 fontibus
916 1821 1088 1887 saluatoris
1109 1821 1266 1905 pereipiat
1285 1840 1360 1904 por-

63 1935 192 2000 cionem.
237 1933 305 2000 Nec
333 1934 483 1999 inmerito
514 1933 664 2016 quoniam
692 1933 796 2016 ipsius
825 1933 966 1999 ciuitatis
991 1931 1156 1999 fidelitatis
1186 1933 1355 2017 integritas

65 2047 290 2112 etconstancia
312 2047 517 2128 comprobata
539 2062 681 2127 corpora,
701 2045 797 2111 rebus
819 2049 853 2111 et
874 2045 980 2111 animo
996 2045 1089 2111 nobis
1104 2046 1358 2129 semper-adessa

67 2161 240 2241 angandeo
267 2166 301 2225 ct
329 2160 364 2223 in
393 2158 517 2242 magnis
540 2155 746 2240 quibuslibet,
776 2175 839 2239 que
860 2160 972 2224 nostm
995 2157 1145 2240 potencia
1165 2157 1357 2241 intercipere

69 2270 226 2354 disposuit
250 2270 421 2353 specialem
450 2269 519 2336 fore
548 2269 737 2351 participem
766 2268 933 2351 gloriatur.
977 2268 1021 2335 Vt
1041 2270 1141 2352 igitur
1162 2274 1229 2336 tam
1250 2270 1360 2336 nobile

72 2400 138 2466 opus
159 2389 195 2449 et
215 2383 340 2450 factura
360 2402 511 2448 manuum
528 2387 709 2448 nostrarum
723 2382 858 2465 speciali
877 2382 1097 2448 munificencia
1119 2385 1228 2448 nostre
1249 2382 1358 2465 gracia

73 2512 101 2561 se
120 2497 258 2580 gaudeat
287 2496 474 2578 insignitum
496 2495 659 2560 ciuitatem
689 2494 803 2577 ipsam,
833 2513 930 2577 quam
951 2494 1114 2560 ciuitatem
1135 2492 1261 2559 Nouam
1280 2493 1358 2561 Pra-

10 2686 12 2691 ,
76 2626 191 2687 pensem
204 2607 401 2692 precipimus
414 2605 547 2685 titulari,
563 2624 584 2671 a
599 2605 733 2671 circuitu
748 2610 782 2671 at
795 2605 917 2671 ambitu
928 2604 1122 2672 fossatorum
1138 2610 1172 2672 et
1184 2624 1358 2688 murorum,

77 2721 176 2800 quibos
190 2720 320 2787 fauente
335 2719 463 2785 domino
480 2718 582 2800 ipsam
605 2716 720 2782 ambiri
741 2715 895 2783 faciamus
909 2734 1010 2800 osque
1032 2718 1073 2784 ad
1096 2736 1204 2785 muros
1219 2718 1360 2803 Antiqua

26 2832 44 2843 “
78 2830 210 2913 ciuitatis,
228 2833 398 2899 statuimus
413 2830 619 2911 dilatandam,
636 2829 741 2896 edicto
757 2833 865 2896 nostre
880 2827 1080 2896 celsitudinis
1102 2831 1303 2913 publicantes
1318 2833 1360 2899 ad

79 2944 158 3012 situm
179 2951 212 3012 et
234 2945 416 3011 districtum
446 2942 653 3009 additamenti
665 2924 710 3008 ⁴et
730 2941 952 3025 ampliaciouis
977 2941 1118 3008 ciuitatis
1140 2944 1243 3026 ipsius
1265 2948 1298 3010 et
1319 2944 1361 3010 ad

79 3072 144 3136 opus
171 3065 203 3125 at
231 3076 324 3122 usum
353 3055 572 3122 vniuersitatis
593 3055 809 3120 habitatorum
842 3073 881 3120 ac
913 3054 1056 3120 omnium
1085 3060 1119 3120 et
1148 3056 1358 3138 singulorum,

81 3169 289 3254 quascumque
313 3173 415 3234 status
444 3174 478 3233 et
507 3167 704 3234 condicionis
733 3168 881 3247 existant,
905 3168 962 3250 qui
983 3167 1025 3232 ad
1046 3166 1192 3234 eiusdem
1218 3167 1359 3234 ciuitatis

82 3283 190 3348 venient
220 3282 412 3362 incolatum,
446 3284 549 3346 terrae
579 3298 690 3345 omnes
721 3284 755 3345 at
783 3298 912 3361 campos
941 3280 1026 3345 inter
1055 3297 1162 3346 muros
1192 3280 1385 3362 vtriusque.

84 3389 201 3462 ciuitatis
215 3396 308 3461 Noua
322 3395 474 3461 videlicet
494 3400 527 3459 at
541 3393 681 3475 Antiqua
703 3392 792 3472 sitos,
815 3398 911 3474 prout
928 3411 987 3473 per
1001 3392 1200 3474 deputandos
1222 3411 1243 3459 a
1264 3392 1358 3458 nobis
1436 3384 1440 3391 '

85 3513 152 3573 terta
173 3509 304 3575 cuilibet
332 3508 440 3591 porcio
463 3506 560 3572 fuerit
582 3506 753 3588 assignata,
776 3504 933 3586 legittima
955 3504 1125 3586 pertinere,
1149 3520 1229 3586 quas
1256 3507 1359 3570 terras

86 3612 168 3701 iujus
191 3629 224 3688 et
245 3621 473 3704 proprietatem
494 3618 722 3702 recipiencium
748 3617 862 3683 cedere
884 3616 1031 3682 volumus
1053 3620 1087 3682 et
1107 3615 1265 3681 iubemus.
1309 3616 1359 3681 Ita

11 3786 16 3811 ,
83 3734 150 3808 quod
170 3734 210 3799 de
233 3733 379 3799 domibus
403 3738 436 3798 et
458 3732 593 3798 edificiis
614 3748 711 3813 super
733 3730 807 3795 illas
828 3734 931 3795 terras
959 3727 1181 3795 construendis
1203 3745 1360 3793 ruscum

11 3898 16 3909 .
82 3837 202 3929 totique
224 3847 355 3912 ciuitate
376 3845 470 3911 vnins
494 3843 637 3926 corporis
660 3843 773 3909 ciuitas
788 3848 822 3909 et
836 3860 931 3908 vnum
946 3841 1145 3924 expluribus
1161 3841 1360 3906 sicuttotum

80 3959 274 4041 expertibus
308 3963 516 4041 componatur
548 3957 633 4022 dicte
666 3955 806 4022 ciuitatis
836 3954 976 4036 Antiqua
1009 3952 1237 4019 delectacionis
1268 3951 1360 4018 Noae

76 4073 265 4138 socordiam
280 4077 314 4137 et
327 4070 434 4136 leticia
449 4068 612 4151 primicias
627 4066 858 4146 transferendo,
881 4085 939 4149 per
954 4084 1049 4147 qnam
1061 4064 1195 4131 liberius
1209 4068 1362 4147 potarunt

68 4182 202 4268 lotique
225 4190 260 4250 et
280 4183 371 4248 Nous
395 4182 561 4247 ciuitatum
576 4181 736 4247 unitarum
757 4179 862 4245 incole
884 4178 1063 4244 emulorum
1085 4176 1237 4243 resistere
1259 4175 1361 4242 insul·

65 4300 146 4365 tibus
170 4297 332 4363 violentis.
375 4294 419 4360 Vt
440 4299 548 4361 auwm
578 4292 691 4359 ciuitas
722 4292 793 4374 ipsa
821 4290 914 4357 bonis
943 4289 1177 4356 habitatoribus
1206 4290 1248 4357 de
1276 4288 1362 4356 bono

57 4430 188 4495 semper
211 4411 245 4476 in
267 4409 384 4476 melius
399 4406 580 4491 amplietur,
603 4405 773 4472 statuimus
788 4402 930 4485 presenti
952 4401 1123 4484 priuilegio
1145 4400 1360 4485 indulgentes,

51 4537 85 4594 rt
101 4524 225 4593 ciuitas
241 4523 313 4605 ipsa
326 4520 419 4586 Noua
434 4525 467 4586 et
481 4518 600 4602 singuli
622 4517 817 4584 habitatores
840 4520 970 4598 totaque
991 4514 1164 4597 posteritas
1186 4514 1360 4581 eorundem
