3068 5160
670 356 747 406 rou,
1293 360 1359 426 279

56 558 190 639 incolas,
219 577 277 641 pro
301 564 444 642 temporo
466 560 650 641 existentes,
680 562 766 642 apud
789 566 989 644 cornpactata
1009 563 1093 629 sacri
1115 564 1241 631 consilii
1262 567 1357 633 Basi-

57 672 171 737 liensis
201 690 400 752 conservare,
432 673 479 738 sic
508 673 773 756 quemadmodum
802 672 880 739 olim
909 674 1107 741 serenissimi
1135 682 1355 746 antecessores

58 785 171 865 nostri,
186 784 360 850 Bohemiae
375 804 478 867 reges,
501 785 695 852 factitarunt
718 784 807 850 Nulli
830 805 907 869 ergo
929 787 1059 854 omnino
1081 785 1246 857 hominum
1260 791 1359 857 liceat

56 897 142 962 hano
169 897 320 980 paginam
350 903 478 964 nostrae
507 897 768 979 confirmationis,
801 898 1040 981 approbationis
1070 905 1105 966 et
1135 900 1358 969 ratificationis

57 1010 285 1090 quovismodo
309 1009 482 1092 infringere
504 1016 560 1076 aut
578 1010 609 1076 ei
635 1029 715 1076 ausu
738 1011 909 1078 temerario
932 1010 1169 1094 quomodolibet
1186 1014 1357 1080 contraire.

57 1121 186 1204 Siquis
216 1128 323 1188 autem
353 1141 538 1205 quocunqne
568 1123 662 1189 modo
686 1124 881 1189 contrarium
908 1128 1067 1190 attentare
1096 1127 1357 1207 praesumpserit

56 1235 161 1300 diotm
185 1235 270 1299 cives
293 1235 326 1300 in
349 1254 459 1301 eorum
483 1235 684 1303 libertatibus
706 1236 921 1320 inquietando,
952 1235 1155 1318 impediendo
1180 1242 1238 1302 aut
1258 1238 1358 1305 mole-

56 1347 182 1443 stanno,
213 1346 413 1413 decernimus
444 1349 580 1420 eundem
613 1349 699 1415 ultra
727 1368 857 1432 paenas,
887 1352 921 1415 in
951 1350 1097 1414 divorum
1117 1353 1356 1416 antecessorum

57 1464 241 1524 nostrorum
269 1459 448 1541 privilegiis
479 1466 655 1542 contentas,
689 1479 767 1544 qvas
798 1460 906 1528 firmas
936 1459 1187 1541 essevolumus,
1220 1480 1357 1544 paenam

56 1591 116 1654 pro
138 1577 247 1636 nostro
271 1577 491 1637 nostrorumve
521 1590 742 1640 successorum
765 1574 897 1641 arbitrio
922 1573 1129 1656 infligendam
1150 1573 1358 1641 irremissibi-

56 1684 132 1749 liter
155 1685 364 1750 incursurum.
397 1685 435 1749 In
458 1704 592 1768 quorum
612 1685 721 1767 robur,
742 1684 839 1751 fidem
861 1690 895 1751 et
915 1685 1134 1752 testimonium
1155 1670 1218 1751 has
1229 1691 1357 1752 nostras

55 1796 169 1862 literas
190 1796 260 1862 fieri
282 1803 315 1861 et
337 1796 436 1878 sigilli
466 1799 568 1863 nostri
597 1798 716 1880 regalis
745 1799 940 1881 appensione
969 1798 1121 1864 iussimus
1155 1798 1355 1865 communiri.

55 1909 177 1973 Datum
198 1909 319 1992 Pragae
341 1910 500 1975 dominico
522 1911 556 1975 in
578 1911 736 1977 conductu
757 1910 894 1993 paschae
924 1928 1008 1975 anno
1037 1910 1159 1976 domini
1183 1910 1357 1977 millesimo

55 2020 370 2103 quadringentesimo
393 2021 628 2103 septuagesimo
651 2027 750 2101 serto,
772 2022 864 2104 regni
886 2022 988 2088 nostri
1009 2041 1093 2089 auno
1116 2022 1234 2106 quinto.

163 2134 213 2198 Ad
234 2133 419 2198 mandatum
441 2133 562 2198 domini
584 2133 671 2215 regis
980 2208 986 2217 ,

55 2246 212 2328 magister
219 2244 372 2310 Nicolaus
380 2245 420 2310 de
428 2245 562 2325 Ledeoz,
574 2245 833 2327 prothonotarius
844 2251 878 2311 et
889 2245 1061 2312 canonicus
1069 2244 1357 2328 wissegradensis,

163 2400 307 2453 Obsaieno
330 2415 347 2451 r
364 2399 523 2454 lronfirmaci
538 2386 681 2468 'privilegii
697 2397 935 2469 Novombstslrpch
959 2400 1047 2455 macie
1063 2397 1239 2454 Ferdinanda
1255 2399 1303 2454 111.
1328 2400 1354 2455 d.

55 2513 73 2547 v
92 2494 252 2563 Preipnrku
278 2501 319 2548 13.
337 2494 438 2550 lucana
456 2501 523 2550 1649
545 2494 568 2563 1,
585 2496 608 2549 b.
627 2499 660 2548 79
683 2494 830 2549 varchiru
846 2512 881 2550 m.
899 2494 997 2565 Prahy.
1032 2494 1134 2549 Kromb
1155 2495 1245 2551 eisaie
1261 2493 1355 2550 Ferdi·

56 2589 151 2644 nanda
167 2589 215 2644 111.
233 2589 362 2658 potvrdili
385 2590 433 2644 list
450 2596 540 2644 tento:
563 2588 719 2645 Fordinanrl
735 2590 757 2644 L
774 2605 791 2642 r
808 2589 895 2644 Prata
912 2597 937 2645 4.
956 2589 1083 2660 prosince
1102 2594 1179 2659 1568,
1196 2589 1356 2646 Fordinand

56 2687 92 2740 Π.
111 2699 144 2737 ve
161 2681 244 2737 Vidui
262 2688 285 2737 7.
304 2686 404 2738 aeruna
422 2690 498 2754 1627,
514 2684 602 2739 Maria
611 2685 722 2740 Teresia
733 2700 767 2738 ve
778 2683 861 2739 Vidni
881 2692 921 2740 16.
939 2687 1038 2741 terma
1056 2691 1122 2740 1747
1142 2685 1320 2742 alrautiiek
1333 2686 1359 2742 l.
1404 2734 1407 2740 .

56 2796 91 2834 re
111 2777 192 2832 vrcni
212 2785 252 2832 13.
270 2778 370 2833 Irritus
390 2785 465 2865 1808.

605 2960 710 3044 *bs
740 2980 812 3044 nro.

446 3133 549 3200 1477.
585 3133 641 3201 18.
665 3134 806 3202 dubria.
840 3134 974 3202 Praha.

57 3306 142 3370 Kro‘l
170 3303 336 3370 Vladisloo
359 3308 523 3389 potorzuje
551 3309 630 3369 croci
659 3305 848 3371 lcrdloookou
878 3329 895 3369 o
926 3284 1058 3369 Quot
1085 3304 1231 3371 &acerno
1258 3310 1358 3369 orista

59 3418 249 3482 mesum
279 3418 412 3502 maury‘
432 3417 513 3481 man
534 3417 591 3481 err
610 3421 674 3494 rest,
698 3420 768 3503 pp
793 3440 845 3481 mu
868 3399 999 3503 nemoy
1020 3422 1106 3482 coar
1125 3417 1273 3483 russia
1294 3416 1357 3480 nr.

220 3554 247 3592 r.
271 3530 357 3593 1475
372 3530 453 3614 jako
476 3531 571 3594 blava
592 3530 785 3609 hiericonteo
808 3529 859 3615 opt
883 3529 984 3594 nouit
1006 3552 1027 3592 a
1043 3530 1190 3615 polcprb'l.

163 3703 359 3769 Wladislaus
389 3704 440 3769 dei
470 3705 578 3785 gracia
599 3704 754 3770 Bohemie
776 3723 841 3783 rex,
871 3704 1017 3770 Morauie
1039 3704 1191 3784 marchio,
1222 3704 1356 3769 Lucem·

58 3819 229 3898 burgensis
252 3824 285 3883 et
307 3816 409 3882 Slesie
432 3818 496 3881 dux
519 3836 556 3883 ac
577 3817 714 3883 Lusacie
744 3816 885 3882 marchio
908 3823 968 3882 eto.
1012 3817 1063 3882 Ad
1091 3821 1278 3898 perpetuam
1308 3815 1354 3880 rei

57 3930 255 3995 memoriam.
279 3929 386 3994 Incliti
408 3931 499 4011 regni
523 3930 624 3995 nostri
638 3929 793 3995 Bohemie
815 3930 942 4011 insigne
965 3928 1062 3994 decus
1085 3935 1118 3994 et
1140 3928 1353 3994 clarissimum

56 4048 291 4121 ornamentum,
307 4040 412 4105 Maior
427 4042 540 4106 ciuitas
556 4047 666 4107 nostra
680 4042 850 4123 Progensis
867 4040 944 4107 olim
959 4041 1181 4106 inuictissimis
1197 4046 1231 4106 et
1251 4038 1356 4105 excel·

58 4153 248 4219 lentissimis
271 4153 468 4235 principibus
487 4153 701 4219 Romanorum
723 4153 979 4235 imperatoribus,
1001 4157 1153 4235 tanquam
1176 4151 1357 4236 suppremis

56 4264 260 4331 secularibus
283 4266 441 4347 capitibus
464 4266 566 4330 tocius
586 4266 671 4332 orbis
688 4265 864 4346 christiani,
881 4265 1029 4330 omnibus
1045 4265 1209 4331 conatibus
1227 4264 1356 4348 placare

56 4383 92 4443 et
121 4396 180 4460 pro
211 4396 270 4442 sua
292 4378 388 4457 virili,
420 4383 574 4461 quantum
596 4379 784 4443 reuerencia
805 4377 983 4445 maiestatis
1005 4376 1198 4461 requirebat,
1221 4377 1356 4462 obsequi

54 4489 252 4557 enitebatur.
275 4489 345 4568 Quo
361 4490 400 4554 de
422 4490 619 4572 benignitate
641 4495 674 4556 et
686 4488 902 4556 beneficencia
916 4507 1045 4555 cesaree
1060 4492 1094 4556 et
1106 4488 1308 4556 auctoritatis
1323 4494 1357 4555 et
