3090 5370
117 385 179 444 1.·»1
740 382 816 427 ¹⁸⁶⁰·

116 591 255 653 civitatis
279 589 459 669 l'ragensis
482 585 624 650 fidelium
647 592 830 649 1331111113
851 582 1052 649 dilectorum.
1078 589 1209 647 uostne
1231 582 1293 646 init
1315 583 1414 648 bumi-

118 704 192 766 liter
214 702 428 782 supplicatum
450 699 621 780 maiestati,
642 706 801 780 qvatenus
824 713 936 760 omnes
950 704 984 760 et
998 695 1145 776 sngnlas
1166 697 1300 777 gratius
1323 696 1415 761 luber-

117 824 210 880 tates.
233 813 433 879 donationes
455 810 691 888 conooesionos
715 809 894 874 laudabiles
916 809 1172 876 comunes
1195 810 1332 881 indulta
1354 810 1414 890 pri·

118 927 236 1007 vilegia
250 932 282 990 et
294 927 369 1007 jura
389 925 542 988 universa
554 941 576 986 a
589 923 673 986 dir's
695 923 1000 1004 praedecessoribus
1022 923 1142 987 nostris
1163 922 1269 988 eidem
1287 922 1412 997 ciuitati,

118 1039 231 1104 incolis
253 1043 288 1102 et
307 1037 541 1101 habitatoribus
563 1035 708 1112 donatas
738 1036 841 1099 datas
870 1053 1039 1100 concessas
1060 1042 1093 1098 et
1116 1034 1331 1112 confirmatas,
1362 1034 1413 1098 do

116 1160 202 1219 nata
224 1151 310 1217 data
332 1167 484 1213 13113333
505 1155 539 1213 et
560 1147 746 1213 confirmata
775 1156 886 1213 nostra
913 1148 1112 1230 benignitate
1141 1149 1233 1228 regia
1254 1148 1412 1222 innovare,

116 1269 293 1345 acceptare,
317 1260 474 1326 ratificare
490 1268 523 1325 et
538 1261 726 1326 confirmare
748 1261 966 1343 digriartmc
988 1260 1237 1342 Etmaeaertim
1260 1260 1413 1343 quoddam

117 1375 321 1457 privilegium
343 1373 488 1439 Joauuis
511 1373 771 1455 praedecessoris
793 1374 896 1438 nostri
918 1373 1110 1449 charissimi
1137 1373 1230 1438 cuius
1252 1378 1348 1438 tenor
1368 1392 1413 1438 se

117 1490 227 1570 quitur
241 1488 274 1551 iu
290 1486 341 1550 his
357 1487 481 1550 verbis:
497 1486 638 1552 Joanues
654 1504 700 1552 oc.
716 1485 904 1567 lb'dsleduje
919 1486 976 1550 list
988 1485 1079 1549 111113
1093 1484 1177 1548 Jaua
1191 1485 1223 1550 d
1237 1485 1413 1550 Thiourille

118 1603 149 1665 9.
165 1600 318 1664 13113313
336 1599 421 1662 1338
436 1598 464 1663 d.
480 1601 547 1669 31.)
568 1598 637 1663 b'os
653 1599 738 1663 sicut
755 1601 844 1681 justa
859 1599 1036 1680 petentium
1050 1604 1125 1662 rota
1146 1617 1267 1679 negare
1289 1599 1413 1663 minime

117 1729 298 1795 possumus,
323 1712 368 1775 ita
390 1710 640 1775 confirmationis
668 1729 786 1775 munus
805 1710 948 1775 lubenter
975 1710 1183 1792 poscentibus
1207 1711 1412 1792 impartimur,

119 1832 153 1889 ut
182 1843 240 1906 per
272 1824 353 1889 haec
381 1824 467 1888 ciros
497 1823 633 1904 praefati
662 1823 756 1889 nobis
778 1830 812 1887 et
832 1823 1072 1888 successoribus
1101 1823 1222 1887 nostris
1251 1823 1365 1890 fideles
1386 1830 1415 1888 et

118 1936 313 2019 paratissimi
337 1936 403 2000 siut
424 1942 455 2002 et
478 1954 551 2000 csse
572 1935 711 2000 debeant
732 1936 766 1999 in
788 1936 948 2013 iuturum;
979 1936 1079 2017 igitur
1107 1954 1172 1999 uon
1196 1954 1257 2017 per
1278 1955 1413 2002 errorem

120 2057 175 2114 331
197 2048 383 2130 improvide,
413 2051 471 2114 sed
492 2049 599 2113 animo
622 2048 810 2127 deliberato,
840 2065 919 2112 sano
950 2067 1119 2130 procerum
1140 2055 1174 2113 et
1197 2048 1342 2115 fidelium
1363 2069 1413 2115 no

119 2169 256 2227 stromm
272 2163 504 2226 communicato
519 2161 665 2240 consilio,
680 2163 720 2226 de
735 2168 824 2225 certa
838 2166 949 2224 nostra
963 2161 1108 2237 scientia,
1124 2162 1317 2227 auctoritate
1331 2162 1414 2243 regia

119 2292 230 2340 omnes
244 2274 376 2355 gratim,
397 2272 574 2352 libertates,
590 2273 789 2350 donationes,
806 2273 1041 2351 concessiones,
1056 2272 1237 2338 laudabiles
1252 2283 1413 2340 consuetu-

119 2388 221 2466 dines,
244 2386 377 2465 iudulta,
401 2387 569 2468 privilegia
584 2391 617 2449 ct
627 2387 703 2468 jura
723 2386 873 2449 universa
887 2403 986 2466 super
999 2385 1241 2467 quibuscunque
1255 2392 1291 2450 et
1305 2387 1338 2452 in
1353 2387 1414 2469 qvi·

118 2500 303 2582 buscunqre
318 2499 415 2564 rebus
426 2499 612 2576 consistant,
623 2497 730 2563 eidem
749 2498 871 2561 civitati
885 2497 1004 2562 Minori
1019 2496 1173 2578 Prageusi
1189 2517 1209 2562 a
1225 2499 1311 2564 diris
1330 2498 1413 2564 otto

119 2608 1080 2692 3313133333,031313131333133,8131311113,Μῶ3133
1095 2618 1128 2675 et
1143 2610 1183 2675 ab
1199 2611 1275 2675 aliis
1286 2611 1413 2676 ducibus

120 2730 151 2787 et
174 2723 314 2805 regibus,
344 2723 601 2787 antecessoribus
631 2722 759 2795 nostris,
796 2741 853 2786 seu
883 2722 981 2787 etiam
1004 2742 1023 2787 a
1045 2723 1167 2804 reginis
1189 2723 1343 2789 33311133
1364 2723 1413 2788 do

120 2842 221 2914 natas,
244 2836 346 2914 datas,
369 2852 538 2899 concessas
559 2839 593 2898 et
615 2833 827 2912 confirmatas,
850 2834 980 2914 donata
1004 2835 1087 2914 data
1108 2854 1270 2914 concessa,
1296 2838 1330 2901 11
1352 2855 1413 2900 31·

120 2950 213 3014 nibus
243 2948 386 3030 punctis,
421 2946 582 3024 articulis,
618 2946 771 3010 clausulis
801 2951 835 3010 et
863 2947 1050 3019 sententiis,
1081 2949 1148 3013 acsi
1178 2948 1219 3012 de
1248 2950 1349 3014 rerbo
1377 2946 1415 3011 sd

119 3061 251 3126 verbum
280 3061 422 3125 omnium
453 3058 633 3124 litterarum
655 3065 689 3124 et
709 3059 952 3141 privilegiorum
982 3059 1198 3141 praefatorum
1228 3063 1415 3143 principum,

119 3172 401 3254 praedecessorum
424 3177 615 3248 nostrorum,
639 3172 672 3234 in
694 3171 753 3236 1133
776 3172 902 3236 litteras
925 3179 1054 3238 tenores
1077 3174 1307 3254 insererentur,
1329 3192 1417 3257 prae

117 3283 219 3348 iatum
241 3302 364 3366 qvoqve
386 3282 522 3348 Joaunis
544 3284 804 3365 praedecessoris
836 3285 939 3349 nostri
963 3285 1175 3367 privilegium,
1207 3293 1306 3368 prout
1327 3305 1417 3368 supe

119 3398 186 3462 rius
209 3396 366 3461 verbatim
388 3396 585 3477 exprimitur,
608 3401 819 3477 acceptamus,
844 3397 1042 3476 innovamus,
1065 3397 1261 3462 ratificamus
1283 3404 1319 3464 et
1330 3417 1418 3480 prae·

119 3510 220 3575 sentis
244 3509 354 3590 scripti
376 3508 554 3590 patrocinio
577 3509 718 3589 gratiose
738 3509 979 3589 confirmamus;
1003 3510 1211 3583 decernentes
1226 3513 1419 3577 attolentes

120 3622 228 3687 omnia
250 3627 285 3687 31
306 3620 435 3702 singula
457 3621 490 3685 in
511 3619 665 3702 praefatis
687 3620 865 3702 privilegiis
898 3628 1047 3687 contenta
1069 3623 1168 3687 robur
1189 3622 1352 3689 firmitatis
1374 3626 1420 3689 iu·

120 3735 280 3800 violabilis
305 3734 459 3799 obtinere.
500 3732 692 3815 Supplemus
715 3735 812 3798 etiam
835 3735 875 3798 de
897 3734 1098 3816 plenitudine
1119 3735 1229 3817 regiae
1251 3737 1420 3816 pomtatis

120 3845 277 3912 defectum
301 3865 427 3911 omnem
446 3846 529 3929 juris
552 3847 602 3910 vel
624 3845 711 3926 iacti,
736 3847 788 3928 qvi
811 3846 864 3910 hic
886 3846 1004 3912 nostris
1037 3847 1154 3912 litteris
1179 3848 1418 3929 qromodolibet

120 3958 223 4039 possit
245 3976 422 4024 occurrere.
468 3956 557 4022 Nulli
579 3976 656 4039 ergo
680 3958 776 4023 liceat
797 3958 880 4023 hano
902 3961 1050 4040 pagiuam
1083 3966 1266 4024 nostrarum
1291 3962 1420 4025 innota·

119 4070 227 4150 tionis,
257 4072 495 4153 acceptationis,
527 4070 785 4151 confirmationis,
821 4071 950 4151 decreti,
985 4071 1169 4151 voluntatis,
1206 4072 1419 4155 supplementi

120 4188 154 4245 et
175 4181 374 4249 inhibitionis
398 4183 570 4265 infringere
594 4183 678 4248 etei
703 4183 942 4265 quomodolibet
957 4185 1136 4249 temeritate
1161 4203 1220 4249 sua
1243 4189 1420 4252 contraire:

121 4293 149 4356 si
172 4293 243 4375 qvis
266 4302 372 4361 autem
397 4304 507 4362 contra
530 4296 611 4361 hauc
626 4302 767 4361 nostram
792 4296 1016 4361 inhibitionem
1032 4297 1141 4361 venire
1157 4301 1419 4381 praesumpserit,

121 4404 372 4486 indignationem
402 4416 544 4475 nostram
573 4409 795 4490 grauissimam
819 4414 852 4473 et
873 4427 1008 4490 poenam
1039 4428 1097 4490 pro
1128 4413 1237 4473 nostro
1268 4419 1327 4476 aut
1352 4430 1421 4475 suc·

122 4535 284 4582 sessorum
312 4524 493 4586 nostrorum
522 4522 654 4586 arbitrio
685 4520 889 4602 infligendam
913 4540 947 4585 se
970 4523 1096 4585 noverit
1125 4522 1340 4589 incursurum.
1386 4524 1420 4587 ln
