<?xml version="1.0" encoding="UTF-8"?>
<!DOCTYPE html PUBLIC "-//W3C//DTD XHTML 1.0 Transitional//EN"
    "http://www.w3.org/TR/xhtml1/DTD/xhtml1-transitional.dtd">
<html xmlns="http://www.w3.org/1999/xhtml" xml:lang="en" lang="en">
 <head>
  <title>
</title>
<meta http-equiv="Content-Type" content="text/html;charset=utf-8" />
  <meta name='ocr-system' content='tesseract 3.04.00' />
  <meta name='ocr-capabilities' content='ocr_page ocr_carea ocr_par ocr_line ocrx_word'/>
</head>
<body>
  <div class='ocr_page' id='page_1' title='image "./sbrkapramenprva00kingoog_0371.png"; bbox 0 0 3068 5160; ppageno 0'>
   <div class='ocr_carea' id='block_1_1' title="bbox 673 326 1442 427">
    <p class='ocr_par' dir='ltr' id='par_1_1' title="bbox 673 326 1442 427">
     <span class='ocr_line' id='line_1_1' title="bbox 673 326 1442 427; baseline 0.023 -17"><span class='ocrx_word' id='word_1_1' title='bbox 673 360 748 411; x_wconf 77' lang='lat' dir='ltr'><strong>nos.</strong></span> <span class='ocrx_word' id='word_1_2' title='bbox 1302 363 1362 427; x_wconf 85' lang='lat'><strong>191</strong></span> <span class='ocrx_word' id='word_1_3' title='bbox 1438 326 1442 331; x_wconf 70' lang='grc'><strong>’</strong></span> 
     </span>
    </p>
   </div>
   <div class='ocr_carea' id='block_1_2' title="bbox 53 566 1364 1665">
    <p class='ocr_par' dir='ltr' id='par_1_2' title="bbox 53 566 1364 1665">
     <span class='ocr_line' id='line_1_2' title="bbox 168 566 1364 651; baseline 0.006 -21"><span class='ocrx_word' id='word_1_4' title='bbox 168 566 377 634; x_wconf 80' lang='lat' dir='ltr'><strong>wenceslaus</strong></span> <span class='ocrx_word' id='word_1_5' title='bbox 400 568 452 633; x_wconf 92' lang='lat' dir='ltr'><strong>dei</strong></span> <span class='ocrx_word' id='word_1_6' title='bbox 475 568 583 649; x_wconf 84' lang='lat' dir='ltr'><strong>gracia</strong></span> <span class='ocrx_word' id='word_1_7' title='bbox 597 566 813 634; x_wconf 86' lang='lat' dir='ltr'><strong>Romanorum</strong></span> <span class='ocrx_word' id='word_1_8' title='bbox 833 584 891 633; x_wconf 85' lang='lat' dir='ltr'><strong>rex</strong></span> <span class='ocrx_word' id='word_1_9' title='bbox 912 584 1041 650; x_wconf 91' lang='lat' dir='ltr'><strong>semper</strong></span> <span class='ocrx_word' id='word_1_10' title='bbox 1062 572 1218 651; x_wconf 81' lang='lat' dir='ltr'><strong>augustus</strong></span> <span class='ocrx_word' id='word_1_11' title='bbox 1232 574 1268 635; x_wconf 90' lang='lat' dir='ltr'><strong>et</strong></span> <span class='ocrx_word' id='word_1_12' title='bbox 1282 569 1364 637; x_wconf 90' lang='lat' dir='ltr'><strong>Boe·</strong></span> 
     </span>
     <span class='ocr_line' id='line_1_3' title="bbox 53 677 1363 763; baseline 0 -15"><span class='ocrx_word' id='word_1_13' title='bbox 53 684 126 749; x_wconf 88' lang='lat' dir='ltr'><strong>mie</strong></span> <span class='ocrx_word' id='word_1_14' title='bbox 149 677 247 762; x_wconf 60' lang='lat' dir='ltr'><strong>ronst)</strong></span> <span class='ocrx_word' id='word_1_15' title='bbox 293 679 448 763; x_wconf 81' lang='lat' dir='ltr'><strong>Magistro</strong></span> <span class='ocrx_word' id='word_1_16' title='bbox 471 681 600 761; x_wconf 90' lang='lat' dir='ltr'><strong>ciuium,</strong></span> <span class='ocrx_word' id='word_1_17' title='bbox 624 680 819 760; x_wconf 90' lang='lat' dir='ltr'><strong>consulibus,</strong></span> <span class='ocrx_word' id='word_1_18' title='bbox 850 680 965 746; x_wconf 88' lang='lat' dir='ltr'><strong>iuratis</strong></span> <span class='ocrx_word' id='word_1_19' title='bbox 986 684 1021 746; x_wconf 92' lang='lat' dir='ltr'><strong>et</strong></span> <span class='ocrx_word' id='word_1_20' title='bbox 1042 682 1261 748; x_wconf 69' lang='lat' dir='ltr'><strong>communitati</strong></span> <span class='ocrx_word' id='word_1_21' title='bbox 1284 684 1363 748; x_wconf 92' lang='lat' dir='ltr'><strong>ciui·</strong></span> 
     </span>
     <span class='ocr_line' id='line_1_4' title="bbox 53 793 1363 876; baseline 0.001 -15"><span class='ocrx_word' id='word_1_22' title='bbox 53 796 139 861; x_wconf 90' lang='lat' dir='ltr'><strong>tatis</strong></span> <span class='ocrx_word' id='word_1_23' title='bbox 170 794 351 875; x_wconf 83' lang='lat' dir='ltr'><strong>Pragcnsis,</strong></span> <span class='ocrx_word' id='word_1_24' title='bbox 384 794 534 860; x_wconf 87' lang='lat' dir='ltr'><strong>fidelibus</strong></span> <span class='ocrx_word' id='word_1_25' title='bbox 563 794 681 860; x_wconf 90' lang='lat' dir='ltr'><strong>uostris</strong></span> <span class='ocrx_word' id='word_1_26' title='bbox 715 793 852 874; x_wconf 90' lang='lat' dir='ltr'><strong>dilectis,</strong></span> <span class='ocrx_word' id='word_1_27' title='bbox 886 793 1027 875; x_wconf 76' lang='lat' dir='ltr'><strong>graciam</strong></span> <span class='ocrx_word' id='word_1_28' title='bbox 1055 794 1179 876; x_wconf 78' lang='lat' dir='ltr'><strong>regiam</strong></span> <span class='ocrx_word' id='word_1_29' title='bbox 1207 798 1241 859; x_wconf 91' lang='lat' dir='ltr'><strong>et</strong></span> <span class='ocrx_word' id='word_1_30' title='bbox 1270 814 1363 862; x_wconf 92' lang='lat' dir='ltr'><strong>omne</strong></span> 
     </span>
     <span class='ocr_line' id='line_1_5' title="bbox 54 906 1363 989; baseline -0.001 -14"><span class='ocrx_word' id='word_1_31' title='bbox 54 910 192 975; x_wconf 87' lang='lat' dir='ltr'><strong>bonum.</strong></span> <span class='ocrx_word' id='word_1_32' title='bbox 237 907 364 972; x_wconf 75' lang='lat' dir='ltr'><strong>Fideles</strong></span> <span class='ocrx_word' id='word_1_33' title='bbox 388 907 512 972; x_wconf 86' lang='lat' dir='ltr'><strong>dilectit</strong></span> <span class='ocrx_word' id='word_1_34' title='bbox 556 906 780 973; x_wconf 72' lang='lat' dir='ltr'><strong>limtantibus</strong></span> <span class='ocrx_word' id='word_1_35' title='bbox 808 906 934 989; x_wconf 83' lang='lat' dir='ltr'><strong>pridem</strong></span> <span class='ocrx_word' id='word_1_36' title='bbox 962 923 1060 988; x_wconf 92' lang='lat' dir='ltr'><strong>super</strong></span> <span class='ocrx_word' id='word_1_37' title='bbox 1087 907 1231 988; x_wconf 81' lang='lat' dir='ltr'><strong>proxime</strong></span> <span class='ocrx_word' id='word_1_38' title='bbox 1257 914 1363 989; x_wconf 82' lang='lat' dir='ltr'><strong>prete·</strong></span> 
     </span>
     <span class='ocr_line' id='line_1_6' title="bbox 55 1018 1364 1103; baseline 0.001 -18"><span class='ocrx_word' id='word_1_39' title='bbox 55 1021 135 1086; x_wconf 91' lang='lat' dir='ltr'><strong>ritis</strong></span> <span class='ocrx_word' id='word_1_40' title='bbox 170 1025 308 1103; x_wconf 90' lang='lat' dir='ltr'><strong>quatuor</strong></span> <span class='ocrx_word' id='word_1_41' title='bbox 339 1019 537 1100; x_wconf 84' lang='lat' dir='ltr'><strong>temporibus</strong></span> <span class='ocrx_word' id='word_1_42' title='bbox 569 1018 731 1086; x_wconf 91' lang='lat' dir='ltr'><strong>nobilibus</strong></span> <span class='ocrx_word' id='word_1_43' title='bbox 764 1019 856 1102; x_wconf 79' lang='lat' dir='ltr'><strong>regni</strong></span> <span class='ocrx_word' id='word_1_44' title='bbox 888 1020 991 1085; x_wconf 82' lang='lat' dir='ltr'><strong>nostri</strong></span> <span class='ocrx_word' id='word_1_45' title='bbox 1023 1018 1156 1087; x_wconf 91' lang='lat' dir='ltr'><strong>Boemie</strong></span> <span class='ocrx_word' id='word_1_46' title='bbox 1187 1019 1364 1086; x_wconf 80' lang='lat' dir='ltr'><strong>baronibus</strong></span> 
     </span>
     <span class='ocr_line' id='line_1_7' title="bbox 56 1130 1363 1225; baseline -0.001 -26"><span class='ocrx_word' id='word_1_47' title='bbox 56 1134 151 1199; x_wconf 90' lang='lat' dir='ltr'><strong>circa</strong></span> <span class='ocrx_word' id='word_1_48' title='bbox 179 1131 306 1198; x_wconf 84' lang='lat' dir='ltr'><strong>tabulas</strong></span> <span class='ocrx_word' id='word_1_49' title='bbox 334 1138 420 1198; x_wconf 87' lang='lat' dir='ltr'><strong>terre</strong></span> <span class='ocrx_word' id='word_1_50' title='bbox 443 1132 482 1197; x_wconf 92' lang='lat' dir='ltr'><strong>de</strong></span> <span class='ocrx_word' id='word_1_51' title='bbox 505 1132 638 1214; x_wconf 90' lang='lat' dir='ltr'><strong>speciali</strong></span> <span class='ocrx_word' id='word_1_52' title='bbox 667 1132 817 1198; x_wconf 89' lang='lat' dir='ltr'><strong>mandato</strong></span> <span class='ocrx_word' id='word_1_53' title='bbox 846 1136 956 1198; x_wconf 93' lang='lat' dir='ltr'><strong>nostro</strong></span> <span class='ocrx_word' id='word_1_54' title='bbox 979 1130 1114 1225; x_wconf 89' lang='lat' dir='ltr'><strong>adhoc,</strong></span> <span class='ocrx_word' id='word_1_55' title='bbox 1136 1132 1228 1199; x_wconf 89' lang='lat' dir='ltr'><strong>utin</strong></span> <span class='ocrx_word' id='word_1_56' title='bbox 1249 1134 1363 1199; x_wconf 92' lang='lat' dir='ltr'><strong>eodem</strong></span> 
     </span>
     <span class='ocr_line' id='line_1_8' title="bbox 58 1243 1364 1329; baseline 0.001 -19"><span class='ocrx_word' id='word_1_57' title='bbox 58 1263 165 1327; x_wconf 80' lang='lat' dir='ltr'><strong>regno</strong></span> <span class='ocrx_word' id='word_1_58' title='bbox 181 1250 291 1311; x_wconf 91' lang='lat' dir='ltr'><strong>nostro</strong></span> <span class='ocrx_word' id='word_1_59' title='bbox 305 1244 436 1311; x_wconf 90' lang='lat' dir='ltr'><strong>Boemie</strong></span> <span class='ocrx_word' id='word_1_60' title='bbox 453 1245 542 1327; x_wconf 89' lang='lat' dir='ltr'><strong>pacis</strong></span> <span class='ocrx_word' id='word_1_61' title='bbox 565 1244 747 1311; x_wconf 87' lang='lat' dir='ltr'><strong>stabiliatur</strong></span> <span class='ocrx_word' id='word_1_62' title='bbox 768 1244 935 1325; x_wconf 81' lang='lat' dir='ltr'><strong>amenitas,</strong></span> <span class='ocrx_word' id='word_1_63' title='bbox 958 1243 1087 1310; x_wconf 87' lang='lat' dir='ltr'><strong>iusticia</strong></span> <span class='ocrx_word' id='word_1_64' title='bbox 1107 1243 1273 1329; x_wconf 88' lang='lat' dir='ltr'><strong>hucusque</strong></span> <span class='ocrx_word' id='word_1_65' title='bbox 1288 1264 1364 1311; x_wconf 91' lang='lat' dir='ltr'><strong>oon·</strong></span> 
     </span>
     <span class='ocr_line' id='line_1_9' title="bbox 58 1356 1363 1439; baseline 0.001 -17"><span class='ocrx_word' id='word_1_66' title='bbox 58 1357 174 1439; x_wconf 88' lang='lat' dir='ltr'><strong>cupita</strong></span> <span class='ocrx_word' id='word_1_67' title='bbox 194 1357 303 1423; x_wconf 89' lang='lat' dir='ltr'><strong>debito</strong></span> <span class='ocrx_word' id='word_1_68' title='bbox 325 1357 477 1439; x_wconf 89' lang='lat' dir='ltr'><strong>persistat</strong></span> <span class='ocrx_word' id='word_1_69' title='bbox 499 1357 531 1421; x_wconf 92' lang='lat' dir='ltr'><strong>iu</strong></span> <span class='ocrx_word' id='word_1_70' title='bbox 553 1358 669 1424; x_wconf 92' lang='lat' dir='ltr'><strong>robore</strong></span> <span class='ocrx_word' id='word_1_71' title='bbox 690 1363 725 1423; x_wconf 89' lang='lat' dir='ltr'><strong>et</strong></span> <span class='ocrx_word' id='word_1_72' title='bbox 744 1356 857 1423; x_wconf 89' lang='lat' dir='ltr'><strong>fideles</strong></span> <span class='ocrx_word' id='word_1_73' title='bbox 879 1356 982 1423; x_wconf 88' lang='lat' dir='ltr'><strong>nostri</strong></span> <span class='ocrx_word' id='word_1_74' title='bbox 992 1356 1020 1439; x_wconf 77' lang='lat'><strong>²)</strong></span> <span class='ocrx_word' id='word_1_75' title='bbox 1040 1356 1203 1439; x_wconf 81' lang='lat' dir='ltr'><strong>regnicole</strong></span> <span class='ocrx_word' id='word_1_76' title='bbox 1225 1357 1285 1423; x_wconf 90' lang='lat' dir='ltr'><strong>sub</strong></span> <span class='ocrx_word' id='word_1_77' title='bbox 1308 1357 1363 1423; x_wconf 91' lang='lat' dir='ltr'><strong>de-</strong></span> 
     </span>
     <span class='ocr_line' id='line_1_10' title="bbox 58 1468 1363 1553; baseline 0 -18"><span class='ocrx_word' id='word_1_78' title='bbox 58 1471 133 1536; x_wconf 87' lang='lat' dir='ltr'><strong>bita</strong></span> <span class='ocrx_word' id='word_1_79' title='bbox 152 1469 387 1553; x_wconf 83' lang='lat' dir='ltr'><strong>tranquillitate</strong></span> <span class='ocrx_word' id='word_1_80' title='bbox 410 1469 578 1552; x_wconf 86' lang='lat' dir='ltr'><strong>respirent,</strong></span> <span class='ocrx_word' id='word_1_81' title='bbox 602 1468 730 1551; x_wconf 67' lang='lat' dir='ltr'><strong>singula</strong></span> <span class='ocrx_word' id='word_1_82' title='bbox 750 1488 809 1551; x_wconf 92' lang='lat' dir='ltr'><strong>per</strong></span> <span class='ocrx_word' id='word_1_83' title='bbox 830 1470 918 1551; x_wconf 92' lang='lat' dir='ltr'><strong>ipsos</strong></span> <span class='ocrx_word' id='word_1_84' title='bbox 940 1468 1096 1549; x_wconf 87' lang='lat' dir='ltr'><strong>ordinata,</strong></span> <span class='ocrx_word' id='word_1_85' title='bbox 1118 1472 1240 1534; x_wconf 88' lang='lat' dir='ltr'><strong>statuta</strong></span> <span class='ocrx_word' id='word_1_86' title='bbox 1259 1474 1294 1535; x_wconf 92' lang='lat' dir='ltr'><strong>et</strong></span> <span class='ocrx_word' id='word_1_87' title='bbox 1308 1470 1363 1535; x_wconf 91' lang='lat' dir='ltr'><strong>de-</strong></span> 
     </span>
     <span class='ocr_line' id='line_1_11' title="bbox 55 1579 1363 1665; baseline -0.001 -17"><span class='ocrx_word' id='word_1_88' title='bbox 55 1589 161 1663; x_wconf 87' lang='lat' dir='ltr'><strong>creta,</strong></span> <span class='ocrx_word' id='word_1_89' title='bbox 184 1588 281 1664; x_wconf 92' lang='lat' dir='ltr'><strong>prout</strong></span> <span class='ocrx_word' id='word_1_90' title='bbox 301 1584 334 1648; x_wconf 92' lang='lat' dir='ltr'><strong>in</strong></span> <span class='ocrx_word' id='word_1_91' title='bbox 356 1582 560 1665; x_wconf 86' lang='lat' dir='ltr'><strong>presentibus</strong></span> <span class='ocrx_word' id='word_1_92' title='bbox 590 1582 710 1665; x_wconf 90' lang='lat' dir='ltr'><strong>scripta</strong></span> <span class='ocrx_word' id='word_1_93' title='bbox 737 1581 873 1648; x_wconf 84' lang='lat' dir='ltr'><strong>inferius</strong></span> <span class='ocrx_word' id='word_1_94' title='bbox 895 1580 1089 1647; x_wconf 88' lang='lat' dir='ltr'><strong>articulatim</strong></span> <span class='ocrx_word' id='word_1_95' title='bbox 1111 1579 1240 1664; x_wconf 88' lang='lat' dir='ltr'><strong>plenius</strong></span> <span class='ocrx_word' id='word_1_96' title='bbox 1262 1582 1363 1647; x_wconf 90' lang='lat' dir='ltr'><strong>conti·</strong></span> 
     </span>
    </p>
   </div>
   <div class='ocr_carea' id='block_1_3' title="bbox 56 1692 1488 1778">
    <p class='ocr_par' dir='ltr' id='par_1_3' title="bbox 56 1692 1488 1778">
     <span class='ocr_line' id='line_1_12' title="bbox 56 1692 1488 1778; baseline -0.002 -16"><span class='ocrx_word' id='word_1_97' title='bbox 56 1702 189 1774; x_wconf 86' lang='lat' dir='ltr'><strong>nentur,</strong></span> <span class='ocrx_word' id='word_1_98' title='bbox 213 1713 343 1760; x_wconf 90' lang='lat' dir='ltr'><strong>seruare</strong></span> <span class='ocrx_word' id='word_1_99' title='bbox 371 1695 577 1778; x_wconf 90' lang='lat' dir='ltr'><strong>promisimus</strong></span> <span class='ocrx_word' id='word_1_100' title='bbox 599 1700 633 1761; x_wconf 92' lang='lat' dir='ltr'><strong>et</strong></span> <span class='ocrx_word' id='word_1_101' title='bbox 653 1700 764 1760; x_wconf 90' lang='lat' dir='ltr'><strong>tenere</strong></span> <span class='ocrx_word' id='word_1_102' title='bbox 787 1693 890 1760; x_wconf 88' lang='lat' dir='ltr'><strong>solide</strong></span> <span class='ocrx_word' id='word_1_103' title='bbox 914 1693 1114 1775; x_wconf 90' lang='lat' dir='ltr'><strong>pollicemur,</strong></span> <span class='ocrx_word' id='word_1_104' title='bbox 1137 1697 1172 1758; x_wconf 91' lang='lat' dir='ltr'><strong>et</strong></span> <span class='ocrx_word' id='word_1_105' title='bbox 1192 1692 1307 1759; x_wconf 89' lang='lat' dir='ltr'><strong>homm</strong></span> <span class='ocrx_word' id='word_1_106' title='bbox 1322 1692 1364 1759; x_wconf 89' lang='lat' dir='ltr'><strong>ad</strong></span> <span class='ocrx_word' id='word_1_107' title='bbox 1483 1708 1488 1715; x_wconf 90' lang='grc'>·</span> 
     </span>
    </p>
   </div>
   <div class='ocr_carea' id='block_1_4' title="bbox 53 1803 1365 4588">
    <p class='ocr_par' dir='ltr' id='par_1_4' title="bbox 53 1803 1365 4588">
     <span class='ocr_line' id='line_1_13' title="bbox 53 1803 1364 1890; baseline 0.002 -21"><span class='ocrx_word' id='word_1_108' title='bbox 53 1808 194 1874; x_wconf 90' lang='lat' dir='ltr'><strong>maioris</strong></span> <span class='ocrx_word' id='word_1_109' title='bbox 217 1807 341 1872; x_wconf 88' lang='lat' dir='ltr'><strong>roboris</strong></span> <span class='ocrx_word' id='word_1_110' title='bbox 364 1807 546 1873; x_wconf 88' lang='lat' dir='ltr'><strong>firmitatem</strong></span> <span class='ocrx_word' id='word_1_111' title='bbox 569 1827 606 1873; x_wconf 89' lang='lat' dir='ltr'><strong>ac</strong></span> <span class='ocrx_word' id='word_1_112' title='bbox 628 1808 854 1874; x_wconf 84' lang='lat' dir='ltr'><strong>execucionem</strong></span> <span class='ocrx_word' id='word_1_113' title='bbox 883 1805 1102 1890; x_wconf 82' lang='lat' dir='ltr'><strong>exequendam</strong></span> <span class='ocrx_word' id='word_1_114' title='bbox 1123 1803 1287 1871; x_wconf 85' lang='lat' dir='ltr'><strong>efficacem</strong></span> <span class='ocrx_word' id='word_1_115' title='bbox 1308 1806 1364 1871; x_wconf 91' lang='lat' dir='ltr'><strong>de-</strong></span> 
     </span>
     <span class='ocr_line' id='line_1_14' title="bbox 57 1920 1364 2001; baseline -0.003 -13"><span class='ocrx_word' id='word_1_116' title='bbox 57 1921 224 1988; x_wconf 88' lang='lat' dir='ltr'><strong>creuimus</strong></span> <span class='ocrx_word' id='word_1_117' title='bbox 254 1925 288 1983; x_wconf 90' lang='lat' dir='ltr'><strong>et</strong></span> <span class='ocrx_word' id='word_1_118' title='bbox 318 1921 357 1985; x_wconf 91' lang='lat' dir='ltr'><strong>de</strong></span> <span class='ocrx_word' id='word_1_119' title='bbox 387 1920 470 1985; x_wconf 84' lang='lat' dir='ltr'><strong>tacto</strong></span> <span class='ocrx_word' id='word_1_120' title='bbox 500 1926 533 1985; x_wconf 92' lang='lat' dir='ltr'><strong>et</strong></span> <span class='ocrx_word' id='word_1_121' title='bbox 560 1920 692 1986; x_wconf 88' lang='lat' dir='ltr'><strong>realiter</strong></span> <span class='ocrx_word' id='word_1_122' title='bbox 720 1920 754 1986; x_wconf 93' lang='lat' dir='ltr'><strong>in</strong></span> <span class='ocrx_word' id='word_1_123' title='bbox 783 1924 818 1985; x_wconf 89' lang='lat' dir='ltr'><strong>et</strong></span> <span class='ocrx_word' id='word_1_124' title='bbox 846 1938 905 2001; x_wconf 92' lang='lat' dir='ltr'><strong>per</strong></span> <span class='ocrx_word' id='word_1_125' title='bbox 926 1924 1030 1986; x_wconf 90' lang='lat' dir='ltr'><strong>totum</strong></span> <span class='ocrx_word' id='word_1_126' title='bbox 1059 1937 1194 2001; x_wconf 84' lang='lat' dir='ltr'><strong>regnum</strong></span> <span class='ocrx_word' id='word_1_127' title='bbox 1218 1924 1364 1985; x_wconf 89' lang='lat' dir='ltr'><strong>nostrum</strong></span> 
     </span>
     <span class='ocr_line' id='line_1_15' title="bbox 58 2032 1362 2115; baseline -0.001 -16"><span class='ocrx_word' id='word_1_128' title='bbox 58 2032 195 2099; x_wconf 89' lang='lat' dir='ltr'><strong>Boemie</strong></span> <span class='ocrx_word' id='word_1_129' title='bbox 225 2037 259 2096; x_wconf 91' lang='lat' dir='ltr'><strong>et</strong></span> <span class='ocrx_word' id='word_1_130' title='bbox 280 2034 446 2099; x_wconf 79' lang='lat' dir='ltr'><strong>uniuersos</strong></span> <span class='ocrx_word' id='word_1_131' title='bbox 476 2033 641 2100; x_wconf 90' lang='lat' dir='ltr'><strong>districtus</strong></span> <span class='ocrx_word' id='word_1_132' title='bbox 671 2033 774 2115; x_wconf 91' lang='lat' dir='ltr'><strong>ipsius</strong></span> <span class='ocrx_word' id='word_1_133' title='bbox 804 2032 1000 2099; x_wconf 88' lang='lat' dir='ltr'><strong>iusticiarios</strong></span> <span class='ocrx_word' id='word_1_134' title='bbox 1028 2049 1086 2098; x_wconf 93' lang='lat' dir='ltr'><strong>seu</strong></span> <span class='ocrx_word' id='word_1_135' title='bbox 1118 2050 1362 2114; x_wconf 85' lang='lat' dir='ltr'><strong>poprawczones</strong></span> 
     </span>
     <span class='ocr_line' id='line_1_16' title="bbox 57 2144 1363 2229; baseline 0 -19"><span class='ocrx_word' id='word_1_136' title='bbox 57 2150 191 2211; x_wconf 89' lang='lat' dir='ltr'><strong>nostros</strong></span> <span class='ocrx_word' id='word_1_137' title='bbox 213 2145 389 2226; x_wconf 76' lang='lat' dir='ltr'><strong>legittimos</strong></span> <span class='ocrx_word' id='word_1_138' title='bbox 418 2145 588 2211; x_wconf 87' lang='lat' dir='ltr'><strong>statuimus</strong></span> <span class='ocrx_word' id='word_1_139' title='bbox 619 2164 691 2211; x_wconf 92' lang='lat' dir='ltr'><strong>cum</strong></span> <span class='ocrx_word' id='word_1_140' title='bbox 721 2145 868 2229; x_wconf 91' lang='lat' dir='ltr'><strong>plenaria</strong></span> <span class='ocrx_word' id='word_1_141' title='bbox 896 2150 1064 2228; x_wconf 91' lang='lat' dir='ltr'><strong>potestate,</strong></span> <span class='ocrx_word' id='word_1_142' title='bbox 1095 2144 1181 2210; x_wconf 90' lang='lat' dir='ltr'><strong>sicut</strong></span> <span class='ocrx_word' id='word_1_143' title='bbox 1201 2144 1234 2210; x_wconf 94' lang='lat' dir='ltr'><strong>id</strong></span> <span class='ocrx_word' id='word_1_144' title='bbox 1257 2145 1363 2227; x_wconf 91' lang='lat' dir='ltr'><strong>ipsum</strong></span> 
     </span>
     <span class='ocr_line' id='line_1_17' title="bbox 59 2256 1362 2341; baseline 0 -19"><span class='ocrx_word' id='word_1_145' title='bbox 59 2259 173 2324; x_wconf 85' lang='lat' dir='ltr'><strong>littere</strong></span> <span class='ocrx_word' id='word_1_146' title='bbox 202 2259 379 2324; x_wconf 87' lang='lat' dir='ltr'><strong>maiestatis</strong></span> <span class='ocrx_word' id='word_1_147' title='bbox 409 2264 517 2325; x_wconf 89' lang='lat' dir='ltr'><strong>nostre</strong></span> <span class='ocrx_word' id='word_1_148' title='bbox 548 2277 606 2341; x_wconf 92' lang='lat' dir='ltr'><strong>per</strong></span> <span class='ocrx_word' id='word_1_149' title='bbox 627 2276 687 2325; x_wconf 92' lang='lat' dir='ltr'><strong>nos</strong></span> <span class='ocrx_word' id='word_1_150' title='bbox 716 2258 796 2341; x_wconf 90' lang='lat' dir='ltr'><strong>ipsis</strong></span> <span class='ocrx_word' id='word_1_151' title='bbox 826 2258 965 2339; x_wconf 90' lang='lat' dir='ltr'><strong>desuper</strong></span> <span class='ocrx_word' id='word_1_152' title='bbox 992 2258 1067 2325; x_wconf 90' lang='lat' dir='ltr'><strong>date</strong></span> <span class='ocrx_word' id='word_1_153' title='bbox 1077 2257 1104 2340; x_wconf 82' lang='lat'><strong>⁸)</strong></span> <span class='ocrx_word' id='word_1_154' title='bbox 1135 2256 1252 2322; x_wconf 91' lang='lat' dir='ltr'><strong>clarius</strong></span> <span class='ocrx_word' id='word_1_155' title='bbox 1281 2262 1362 2322; x_wconf 69' lang='lat' dir='ltr'><strong>abe</strong></span> 
     </span>
     <span class='ocr_line' id='line_1_18' title="bbox 58 2365 1362 2453; baseline -0.002 -17"><span class='ocrx_word' id='word_1_156' title='bbox 58 2375 201 2436; x_wconf 84' lang='lat' dir='ltr'><strong>stantur.</strong></span> <span class='ocrx_word' id='word_1_157' title='bbox 224 2370 346 2436; x_wconf 86' lang='lat' dir='ltr'><strong>idcirco</strong></span> <span class='ocrx_word' id='word_1_158' title='bbox 368 2370 516 2437; x_wconf 87' lang='lat' dir='ltr'><strong>fidelitati</strong></span> <span class='ocrx_word' id='word_1_159' title='bbox 531 2375 637 2438; x_wconf 88' lang='lat' dir='ltr'><strong>vestre</strong></span> <span class='ocrx_word' id='word_1_160' title='bbox 651 2371 774 2437; x_wconf 90' lang='lat' dir='ltr'><strong>seriose</strong></span> <span class='ocrx_word' id='word_1_161' title='bbox 796 2370 990 2453; x_wconf 88' lang='lat' dir='ltr'><strong>precipimus</strong></span> <span class='ocrx_word' id='word_1_162' title='bbox 1012 2373 1046 2437; x_wconf 94' lang='lat' dir='ltr'><strong>et</strong></span> <span class='ocrx_word' id='word_1_163' title='bbox 1066 2367 1126 2434; x_wconf 91' lang='lat' dir='ltr'><strong>snb</strong></span> <span class='ocrx_word' id='word_1_164' title='bbox 1144 2366 1227 2451; x_wconf 78' lang='lat' dir='ltr'><strong>regii</strong></span> <span class='ocrx_word' id='word_1_165' title='bbox 1240 2365 1362 2433; x_wconf 86' lang='lat' dir='ltr'><strong>fauoris</strong></span> 
     </span>
     <span class='ocr_line' id='line_1_19' title="bbox 59 2479 1362 2565; baseline -0.001 -18"><span class='ocrx_word' id='word_1_166' title='bbox 59 2484 198 2548; x_wconf 91' lang='lat' dir='ltr'><strong>obtentu</strong></span> <span class='ocrx_word' id='word_1_167' title='bbox 221 2500 370 2565; x_wconf 84' lang='lat' dir='ltr'><strong>expresse</strong></span> <span class='ocrx_word' id='word_1_168' title='bbox 393 2483 580 2549; x_wconf 87' lang='lat' dir='ltr'><strong>mandamus</strong></span> <span class='ocrx_word' id='word_1_169' title='bbox 602 2482 732 2549; x_wconf 90' lang='lat' dir='ltr'><strong>omnino</strong></span> <span class='ocrx_word' id='word_1_170' title='bbox 754 2483 874 2549; x_wconf 90' lang='lat' dir='ltr'><strong>habere</strong></span> <span class='ocrx_word' id='word_1_171' title='bbox 888 2482 1043 2563; x_wconf 86' lang='lat' dir='ltr'><strong>volentes,</strong></span> <span class='ocrx_word' id='word_1_172' title='bbox 1067 2486 1224 2564; x_wconf 87' lang='lat' dir='ltr'><strong>quatenus</strong></span> <span class='ocrx_word' id='word_1_173' title='bbox 1247 2479 1290 2546; x_wconf 90' lang='lat' dir='ltr'><strong>ad</strong></span> <span class='ocrx_word' id='word_1_174' title='bbox 1310 2498 1362 2546; x_wconf 90' lang='lat' dir='ltr'><strong>re·</strong></span> 
     </span>
     <span class='ocr_line' id='line_1_20' title="bbox 59 2592 1362 2679; baseline -0.001 -19"><span class='ocrx_word' id='word_1_175' title='bbox 59 2595 277 2678; x_wconf 91' lang='lat' dir='ltr'><strong>quisicionem</strong></span> <span class='ocrx_word' id='word_1_176' title='bbox 309 2595 491 2661; x_wconf 90' lang='lat' dir='ltr'><strong>huiusmodi</strong></span> <span class='ocrx_word' id='word_1_177' title='bbox 524 2595 778 2679; x_wconf 75' lang='lat' dir='ltr'><strong>justitiariorum</strong></span> <span class='ocrx_word' id='word_1_178' title='bbox 811 2612 869 2661; x_wconf 89' lang='lat' dir='ltr'><strong>seu</strong></span> <span class='ocrx_word' id='word_1_179' title='bbox 902 2611 1165 2678; x_wconf 85' lang='lat' dir='ltr'><strong>poprawczonum</strong></span> <span class='ocrx_word' id='word_1_180' title='bbox 1197 2592 1362 2659; x_wconf 92' lang='lat' dir='ltr'><strong>districtus</strong></span> 
     </span>
     <span class='ocr_line' id='line_1_21' title="bbox 59 2706 1362 2790; baseline 0.002 -21"><span class='ocrx_word' id='word_1_181' title='bbox 59 2708 172 2785; x_wconf 85' lang='lat' dir='ltr'><strong>vestri,</strong></span> <span class='ocrx_word' id='word_1_182' title='bbox 197 2707 327 2787; x_wconf 92' lang='lat' dir='ltr'><strong>quocies</strong></span> <span class='ocrx_word' id='word_1_183' title='bbox 350 2725 430 2789; x_wconf 91' lang='lat' dir='ltr'><strong>opus</strong></span> <span class='ocrx_word' id='word_1_184' title='bbox 445 2706 543 2772; x_wconf 86' lang='lat' dir='ltr'><strong>fuerit</strong></span> <span class='ocrx_word' id='word_1_185' title='bbox 560 2712 594 2773; x_wconf 93' lang='lat' dir='ltr'><strong>et</strong></span> <span class='ocrx_word' id='word_1_186' title='bbox 607 2724 664 2772; x_wconf 86' lang='lat' dir='ltr'><strong>vos</strong></span> <span class='ocrx_word' id='word_1_187' title='bbox 686 2726 746 2790; x_wconf 93' lang='lat' dir='ltr'><strong>per</strong></span> <span class='ocrx_word' id='word_1_188' title='bbox 760 2725 796 2773; x_wconf 92' lang='lat' dir='ltr'><strong>se</strong></span> <span class='ocrx_word' id='word_1_189' title='bbox 812 2707 863 2774; x_wconf 87' lang='lat' dir='ltr'><strong>vel</strong></span> <span class='ocrx_word' id='word_1_190' title='bbox 884 2726 961 2773; x_wconf 90' lang='lat' dir='ltr'><strong>suos</strong></span> <span class='ocrx_word' id='word_1_191' title='bbox 977 2706 1127 2773; x_wconf 85' lang='lat' dir='ltr'><strong>duxerint</strong></span> <span class='ocrx_word' id='word_1_192' title='bbox 1139 2706 1362 2790; x_wconf 91' lang='lat' dir='ltr'><strong>requirendos,</strong></span> 
     </span>
     <span class='ocr_line' id='line_1_22' title="bbox 60 2818 1362 2902; baseline 0.002 -19"><span class='ocrx_word' id='word_1_193' title='bbox 60 2820 143 2902; x_wconf 92' lang='lat' dir='ltr'><strong>ipsis</strong></span> <span class='ocrx_word' id='word_1_194' title='bbox 167 2818 209 2883; x_wconf 90' lang='lat' dir='ltr'><strong>ad</strong></span> <span class='ocrx_word' id='word_1_195' title='bbox 231 2819 477 2884; x_wconf 90' lang='lat' dir='ltr'><strong>conculcandam</strong></span> <span class='ocrx_word' id='word_1_196' title='bbox 500 2824 533 2884; x_wconf 89' lang='lat' dir='ltr'><strong>ct</strong></span> <span class='ocrx_word' id='word_1_197' title='bbox 554 2819 789 2901; x_wconf 90' lang='lat' dir='ltr'><strong>reprimendam</strong></span> <span class='ocrx_word' id='word_1_198' title='bbox 811 2818 1037 2899; x_wconf 90' lang='lat' dir='ltr'><strong>maleficorum,</strong></span> <span class='ocrx_word' id='word_1_199' title='bbox 1065 2825 1229 2902; x_wconf 89' lang='lat' dir='ltr'><strong>raptorum</strong></span> <span class='ocrx_word' id='word_1_200' title='bbox 1251 2825 1286 2885; x_wconf 90' lang='lat' dir='ltr'><strong>et</strong></span> <span class='ocrx_word' id='word_1_201' title='bbox 1307 2839 1362 2902; x_wconf 92' lang='lat' dir='ltr'><strong>op-</strong></span> 
     </span>
     <span class='ocr_line' id='line_1_23' title="bbox 59 2930 1363 3015; baseline 0.002 -19"><span class='ocrx_word' id='word_1_202' title='bbox 59 2951 248 3015; x_wconf 91' lang='lat' dir='ltr'><strong>pressorum</strong></span> <span class='ocrx_word' id='word_1_203' title='bbox 271 2932 348 2996; x_wconf 91' lang='lat' dir='ltr'><strong>dicti</strong></span> <span class='ocrx_word' id='word_1_204' title='bbox 370 2932 460 3013; x_wconf 80' lang='lat' dir='ltr'><strong>regui</strong></span> <span class='ocrx_word' id='word_1_205' title='bbox 482 2930 614 2997; x_wconf 91' lang='lat' dir='ltr'><strong>Boemie</strong></span> <span class='ocrx_word' id='word_1_206' title='bbox 636 2938 670 2998; x_wconf 88' lang='lat' dir='ltr'><strong>et</strong></span> <span class='ocrx_word' id='word_1_207' title='bbox 690 2932 868 2998; x_wconf 91' lang='lat' dir='ltr'><strong>incolarum</strong></span> <span class='ocrx_word' id='word_1_208' title='bbox 889 2933 992 3015; x_wconf 87' lang='lat' dir='ltr'><strong>ipsius</strong></span> <span class='ocrx_word' id='word_1_209' title='bbox 1016 2933 1231 2998; x_wconf 86' lang='lat' dir='ltr'><strong>temeritatem</strong></span> <span class='ocrx_word' id='word_1_210' title='bbox 1254 2932 1363 2998; x_wconf 92' lang='lat' dir='ltr'><strong>incon·</strong></span> 
     </span>
     <span class='ocr_line' id='line_1_24' title="bbox 58 3042 1362 3127; baseline 0.001 -18"><span class='ocrx_word' id='word_1_211' title='bbox 58 3045 181 3110; x_wconf 86' lang='lat' dir='ltr'><strong>sultam</strong></span> <span class='ocrx_word' id='word_1_212' title='bbox 195 3050 302 3111; x_wconf 82' lang='lat' dir='ltr'><strong>vestre</strong></span> <span class='ocrx_word' id='word_1_213' title='bbox 323 3044 472 3127; x_wconf 85' lang='lat' dir='ltr'><strong>potencia</strong></span> <span class='ocrx_word' id='word_1_214' title='bbox 485 3045 562 3109; x_wconf 91' lang='lat' dir='ltr'><strong>totis</strong></span> <span class='ocrx_word' id='word_1_215' title='bbox 577 3044 701 3110; x_wconf 90' lang='lat' dir='ltr'><strong>nisibus</strong></span> <span class='ocrx_word' id='word_1_216' title='bbox 717 3045 868 3109; x_wconf 87' lang='lat' dir='ltr'><strong>assistere</strong></span> <span class='ocrx_word' id='word_1_217' title='bbox 882 3042 1026 3109; x_wconf 90' lang='lat' dir='ltr'><strong>debeatis</strong></span> <span class='ocrx_word' id='word_1_218' title='bbox 1041 3042 1180 3109; x_wconf 84' lang='lat' dir='ltr'><strong>fideliter</strong></span> <span class='ocrx_word' id='word_1_219' title='bbox 1199 3048 1232 3108; x_wconf 89' lang='lat' dir='ltr'><strong>at</strong></span> <span class='ocrx_word' id='word_1_220' title='bbox 1246 3049 1362 3124; x_wconf 87' lang='lat' dir='ltr'><strong>astare,</strong></span> 
     </span>
     <span class='ocr_line' id='line_1_25' title="bbox 61 3154 1363 3240; baseline -0.001 -18"><span class='ocrx_word' id='word_1_221' title='bbox 61 3158 151 3240; x_wconf 94' lang='lat' dir='ltr'><strong>quod</strong></span> <span class='ocrx_word' id='word_1_222' title='bbox 180 3156 282 3221; x_wconf 88' lang='lat' dir='ltr'><strong>eciam</strong></span> <span class='ocrx_word' id='word_1_223' title='bbox 319 3155 417 3219; x_wconf 88' lang='lat' dir='ltr'><strong>iidem</strong></span> <span class='ocrx_word' id='word_1_224' title='bbox 443 3155 615 3238; x_wconf 87' lang='lat' dir='ltr'><strong>justiciarii</strong></span> <span class='ocrx_word' id='word_1_225' title='bbox 645 3160 679 3221; x_wconf 91' lang='lat' dir='ltr'><strong>et</strong></span> <span class='ocrx_word' id='word_1_226' title='bbox 705 3172 949 3237; x_wconf 86' lang='lat' dir='ltr'><strong>poprawczones</strong></span> <span class='ocrx_word' id='word_1_227' title='bbox 978 3154 1049 3219; x_wconf 86' lang='lat' dir='ltr'><strong>vice</strong></span> <span class='ocrx_word' id='word_1_228' title='bbox 1078 3155 1244 3238; x_wconf 90' lang='lat' dir='ltr'><strong>reciproca</strong></span> <span class='ocrx_word' id='word_1_229' title='bbox 1271 3157 1363 3221; x_wconf 83' lang='lat' dir='ltr'><strong>vobis</strong></span> 
     </span>
     <span class='ocr_line' id='line_1_26' title="bbox 58 3266 1363 3350; baseline -0.002 -15"><span class='ocrx_word' id='word_1_230' title='bbox 58 3271 169 3335; x_wconf 86' lang='lat' dir='ltr'><strong>facere</strong></span> <span class='ocrx_word' id='word_1_231' title='bbox 192 3267 354 3333; x_wconf 85' lang='lat' dir='ltr'><strong>debebunt</strong></span> <span class='ocrx_word' id='word_1_232' title='bbox 368 3272 400 3332; x_wconf 89' lang='lat' dir='ltr'><strong>et</strong></span> <span class='ocrx_word' id='word_1_233' title='bbox 414 3273 572 3333; x_wconf 88' lang='lat' dir='ltr'><strong>tenentur.</strong></span> <span class='ocrx_word' id='word_1_234' title='bbox 595 3266 638 3331; x_wconf 86' lang='lat' dir='ltr'><strong>Et</strong></span> <span class='ocrx_word' id='word_1_235' title='bbox 659 3266 886 3332; x_wconf 88' lang='lat' dir='ltr'><strong>nichilominus</strong></span> <span class='ocrx_word' id='word_1_236' title='bbox 907 3266 1065 3346; x_wconf 86' lang='lat' dir='ltr'><strong>volumus,</strong></span> <span class='ocrx_word' id='word_1_237' title='bbox 1088 3266 1174 3350; x_wconf 93' lang='lat' dir='ltr'><strong>quod</strong></span> <span class='ocrx_word' id='word_1_238' title='bbox 1196 3285 1269 3333; x_wconf 81' lang='lat' dir='ltr'><strong>mox</strong></span> <span class='ocrx_word' id='word_1_239' title='bbox 1283 3267 1363 3332; x_wconf 84' lang='lat' dir='ltr'><strong>visis</strong></span> 
     </span>
     <span class='ocr_line' id='line_1_27' title="bbox 60 3377 1363 3463; baseline -0.001 -18"><span class='ocrx_word' id='word_1_240' title='bbox 60 3381 269 3463; x_wconf 89' lang='lat' dir='ltr'><strong>presentibus</strong></span> <span class='ocrx_word' id='word_1_241' title='bbox 285 3381 317 3445; x_wconf 92' lang='lat' dir='ltr'><strong>in</strong></span> <span class='ocrx_word' id='word_1_242' title='bbox 334 3381 464 3445; x_wconf 85' lang='lat' dir='ltr'><strong>ciuitate</strong></span> <span class='ocrx_word' id='word_1_243' title='bbox 479 3385 587 3445; x_wconf 89' lang='lat' dir='ltr'><strong>vestra</strong></span> <span class='ocrx_word' id='word_1_244' title='bbox 608 3381 642 3444; x_wconf 92' lang='lat' dir='ltr'><strong>in</strong></span> <span class='ocrx_word' id='word_1_245' title='bbox 664 3378 745 3444; x_wconf 92' lang='lat' dir='ltr'><strong>locis</strong></span> <span class='ocrx_word' id='word_1_246' title='bbox 767 3380 929 3444; x_wconf 88' lang='lat' dir='ltr'><strong>consuetis</strong></span> <span class='ocrx_word' id='word_1_247' title='bbox 952 3378 1066 3445; x_wconf 90' lang='lat' dir='ltr'><strong>diebus</strong></span> <span class='ocrx_word' id='word_1_248' title='bbox 1087 3377 1269 3445; x_wconf 86' lang='lat' dir='ltr'><strong>forensibus</strong></span> <span class='ocrx_word' id='word_1_249' title='bbox 1284 3397 1363 3444; x_wconf 86' lang='lat' dir='ltr'><strong>voce</strong></span> 
     </span>
     <span class='ocr_line' id='line_1_28' title="bbox 60 3489 1362 3576; baseline -0.002 -18"><span class='ocrx_word' id='word_1_250' title='bbox 60 3512 205 3576; x_wconf 84' lang='lat' dir='ltr'><strong>precone</strong></span> <span class='ocrx_word' id='word_1_251' title='bbox 226 3493 416 3575; x_wconf 87' lang='lat' dir='ltr'><strong>proclamari</strong></span> <span class='ocrx_word' id='word_1_252' title='bbox 438 3492 565 3575; x_wconf 90' lang='lat' dir='ltr'><strong>publice</strong></span> <span class='ocrx_word' id='word_1_253' title='bbox 587 3491 723 3571; x_wconf 86' lang='lat' dir='ltr'><strong>faciatis,</strong></span> <span class='ocrx_word' id='word_1_254' title='bbox 746 3497 781 3556; x_wconf 88' lang='lat' dir='ltr'><strong>vt</strong></span> <span class='ocrx_word' id='word_1_255' title='bbox 802 3491 830 3556; x_wconf 93' lang='lat' dir='ltr'><strong>si</strong></span> <span class='ocrx_word' id='word_1_256' title='bbox 853 3491 1022 3574; x_wconf 89' lang='lat' dir='ltr'><strong>quispiam,</strong></span> <span class='ocrx_word' id='word_1_257' title='bbox 1046 3489 1264 3574; x_wconf 91' lang='lat' dir='ltr'><strong>cuiuscunque</strong></span> <span class='ocrx_word' id='word_1_258' title='bbox 1288 3509 1362 3555; x_wconf 93' lang='lat' dir='ltr'><strong>con-</strong></span> 
     </span>
     <span class='ocr_line' id='line_1_29' title="bbox 62 3602 1364 3685; baseline -0.002 -14"><span class='ocrx_word' id='word_1_259' title='bbox 62 3607 203 3671; x_wconf 87' lang='lat' dir='ltr'><strong>dicionis</strong></span> <span class='ocrx_word' id='word_1_260' title='bbox 226 3624 283 3670; x_wconf 92' lang='lat' dir='ltr'><strong>seu</strong></span> <span class='ocrx_word' id='word_1_261' title='bbox 306 3611 408 3672; x_wconf 85' lang='lat' dir='ltr'><strong>status</strong></span> <span class='ocrx_word' id='word_1_262' title='bbox 429 3606 556 3685; x_wconf 82' lang='lat' dir='ltr'><strong>existat,</strong></span> <span class='ocrx_word' id='word_1_263' title='bbox 579 3602 763 3670; x_wconf 92' lang='lat' dir='ltr'><strong>huiusmodi</strong></span> <span class='ocrx_word' id='word_1_264' title='bbox 779 3602 1027 3683; x_wconf 89' lang='lat' dir='ltr'><strong>ordinacionem,</strong></span> <span class='ocrx_word' id='word_1_265' title='bbox 1051 3608 1173 3669; x_wconf 84' lang='lat' dir='ltr'><strong>statuta</strong></span> <span class='ocrx_word' id='word_1_266' title='bbox 1186 3608 1220 3669; x_wconf 92' lang='lat' dir='ltr'><strong>et</strong></span> <span class='ocrx_word' id='word_1_267' title='bbox 1234 3602 1364 3668; x_wconf 90' lang='lat' dir='ltr'><strong>decreta</strong></span> 
     </span>
     <span class='ocr_line' id='line_1_30' title="bbox 62 3716 1363 3799; baseline -0.002 -16"><span class='ocrx_word' id='word_1_268' title='bbox 62 3739 101 3783; x_wconf 88' lang='lat' dir='ltr'><strong>ac</strong></span> <span class='ocrx_word' id='word_1_269' title='bbox 131 3717 260 3783; x_wconf 90' lang='lat' dir='ltr'><strong>iusticie</strong></span> <span class='ocrx_word' id='word_1_270' title='bbox 288 3736 474 3799; x_wconf 89' lang='lat' dir='ltr'><strong>processum</strong></span> <span class='ocrx_word' id='word_1_271' title='bbox 503 3717 660 3799; x_wconf 92' lang='lat' dir='ltr'><strong>impedire</strong></span> <span class='ocrx_word' id='word_1_272' title='bbox 688 3722 867 3796; x_wconf 89' lang='lat' dir='ltr'><strong>conaretur,</strong></span> <span class='ocrx_word' id='word_1_273' title='bbox 900 3733 958 3782; x_wconf 88' lang='lat' dir='ltr'><strong>seu</strong></span> <span class='ocrx_word' id='word_1_274' title='bbox 987 3716 1109 3782; x_wconf 89' lang='lat' dir='ltr'><strong>eisdem</strong></span> <span class='ocrx_word' id='word_1_275' title='bbox 1138 3734 1174 3781; x_wconf 91' lang='lat' dir='ltr'><strong>se</strong></span> <span class='ocrx_word' id='word_1_276' title='bbox 1201 3734 1363 3798; x_wconf 91' lang='lat' dir='ltr'><strong>opponere</strong></span> 
     </span>
     <span class='ocr_line' id='line_1_31' title="bbox 61 3827 1365 3912; baseline 0 -19"><span class='ocrx_word' id='word_1_277' title='bbox 61 3835 274 3912; x_wconf 86' lang='lat' dir='ltr'><strong>presumeret,</strong></span> <span class='ocrx_word' id='word_1_278' title='bbox 304 3829 391 3912; x_wconf 93' lang='lat' dir='ltr'><strong>quod</strong></span> <span class='ocrx_word' id='word_1_279' title='bbox 420 3834 535 3894; x_wconf 84' lang='lat' dir='ltr'><strong>extunc</strong></span> <span class='ocrx_word' id='word_1_280' title='bbox 566 3828 649 3895; x_wconf 89' lang='lat' dir='ltr'><strong>sciat</strong></span> <span class='ocrx_word' id='word_1_281' title='bbox 673 3828 844 3895; x_wconf 89' lang='lat' dir='ltr'><strong>aduersum</strong></span> <span class='ocrx_word' id='word_1_282' title='bbox 873 3846 910 3894; x_wconf 86' lang='lat' dir='ltr'><strong>se</strong></span> <span class='ocrx_word' id='word_1_283' title='bbox 938 3833 1100 3912; x_wconf 87' lang='lat' dir='ltr'><strong>tamquam</strong></span> <span class='ocrx_word' id='word_1_284' title='bbox 1129 3827 1309 3895; x_wconf 85' lang='lat' dir='ltr'><strong>maleficum</strong></span> <span class='ocrx_word' id='word_1_285' title='bbox 1331 3832 1365 3893; x_wconf 90' lang='lat' dir='ltr'><strong>et</strong></span> 
     </span>
     <span class='ocr_line' id='line_1_32' title="bbox 62 3937 1363 4024; baseline -0.002 -17"><span class='ocrx_word' id='word_1_286' title='bbox 62 3941 220 4009; x_wconf 88' lang='lat' dir='ltr'><strong>rebellem</strong></span> <span class='ocrx_word' id='word_1_287' title='bbox 241 3940 367 4006; x_wconf 80' lang='lat' dir='ltr'><strong>vicione</strong></span> <span class='ocrx_word' id='word_1_288' title='bbox 390 3941 548 4024; x_wconf 79' lang='lat' dir='ltr'><strong>condigna</strong></span> <span class='ocrx_word' id='word_1_289' title='bbox 569 3941 687 4007; x_wconf 88' lang='lat' dir='ltr'><strong>acriter</strong></span> <span class='ocrx_word' id='word_1_290' title='bbox 708 3958 933 4024; x_wconf 90' lang='lat' dir='ltr'><strong>processurum</strong></span> <span class='ocrx_word' id='word_1_291' title='bbox 942 3937 982 4023; x_wconf 82' lang='lat'><strong>⁴).</strong></span> <span class='ocrx_word' id='word_1_292' title='bbox 1008 3938 1166 4006; x_wconf 87' lang='lat' dir='ltr'><strong>Secuntur</strong></span> <span class='ocrx_word' id='word_1_293' title='bbox 1187 3957 1264 4022; x_wconf 85' lang='lat' dir='ltr'><strong>ergo</strong></span> <span class='ocrx_word' id='word_1_294' title='bbox 1287 3940 1363 4005; x_wconf 84' lang='lat' dir='ltr'><strong>arti-</strong></span> 
     </span>
     <span class='ocr_line' id='line_1_33' title="bbox 62 4051 1363 4137; baseline -0.002 -17"><span class='ocrx_word' id='word_1_295' title='bbox 62 4054 139 4121; x_wconf 87' lang='lat' dir='ltr'><strong>culi.</strong></span> <span class='ocrx_word' id='word_1_296' title='bbox 186 4052 329 4118; x_wconf 88' lang='lat' dir='ltr'><strong>Barones</strong></span> <span class='ocrx_word' id='word_1_297' title='bbox 358 4051 506 4118; x_wconf 82' lang='lat' dir='ltr'><strong>videlicet</strong></span> <span class='ocrx_word' id='word_1_298' title='bbox 534 4053 681 4119; x_wconf 86' lang='lat' dir='ltr'><strong>Braenko</strong></span> <span class='ocrx_word' id='word_1_299' title='bbox 711 4053 751 4119; x_wconf 91' lang='lat' dir='ltr'><strong>de</strong></span> <span class='ocrx_word' id='word_1_300' title='bbox 781 4051 925 4137; x_wconf 67' lang='lat' dir='ltr'><strong>SwyhoV,</strong></span> <span class='ocrx_word' id='word_1_301' title='bbox 957 4053 1082 4119; x_wconf 84' lang='lat' dir='ltr'><strong>Boczko</strong></span> <span class='ocrx_word' id='word_1_302' title='bbox 1113 4054 1153 4118; x_wconf 96' lang='lat' dir='ltr'><strong>de</strong></span> <span class='ocrx_word' id='word_1_303' title='bbox 1175 4051 1363 4133; x_wconf 90' lang='lat' dir='ltr'><strong>Podiebrad,</strong></span> 
     </span>
     <span class='ocr_line' id='line_1_34' title="bbox 62 4164 1363 4257; baseline -0.001 -25"><span class='ocrx_word' id='word_1_304' title='bbox 62 4166 221 4232; x_wconf 82' lang='lat' dir='ltr'><strong>Sdeslaus</strong></span> <span class='ocrx_word' id='word_1_305' title='bbox 244 4166 283 4230; x_wconf 94' lang='lat' dir='ltr'><strong>de</strong></span> <span class='ocrx_word' id='word_1_306' title='bbox 306 4164 510 4247; x_wconf 80' lang='lat' dir='ltr'><strong>Steremberg</strong></span> <span class='ocrx_word' id='word_1_307' title='bbox 538 4166 684 4231; x_wconf 92' lang='lat' dir='ltr'><strong>residens</strong></span> <span class='ocrx_word' id='word_1_308' title='bbox 703 4166 737 4231; x_wconf 95' lang='lat' dir='ltr'><strong>in</strong></span> <span class='ocrx_word' id='word_1_309' title='bbox 759 4164 942 4247; x_wconf 85' lang='lat' dir='ltr'><strong>Zagieozica</strong></span> <span class='ocrx_word' id='word_1_310' title='bbox 970 4171 1005 4230; x_wconf 90' lang='lat' dir='ltr'><strong>et</strong></span> <span class='ocrx_word' id='word_1_311' title='bbox 1025 4164 1196 4257; x_wconf 88' lang='lat' dir='ltr'><strong>Heinricus</strong></span> <span class='ocrx_word' id='word_1_312' title='bbox 1218 4166 1259 4231; x_wconf 91' lang='lat' dir='ltr'><strong>de</strong></span> <span class='ocrx_word' id='word_1_313' title='bbox 1280 4165 1363 4231; x_wconf 87' lang='lat' dir='ltr'><strong>Kos·</strong></span> 
     </span>
     <span class='ocr_line' id='line_1_35' title="bbox 61 4276 1364 4361; baseline 0.001 -17"><span class='ocrx_word' id='word_1_314' title='bbox 61 4279 215 4359; x_wconf 82' lang='lat' dir='ltr'><strong>sernberg</strong></span> <span class='ocrx_word' id='word_1_315' title='bbox 248 4277 288 4341; x_wconf 87' lang='lat' dir='ltr'><strong>ab</strong></span> <span class='ocrx_word' id='word_1_316' title='bbox 317 4276 391 4341; x_wconf 89' lang='lat' dir='ltr'><strong>aliis</strong></span> <span class='ocrx_word' id='word_1_317' title='bbox 421 4278 560 4343; x_wconf 90' lang='lat' dir='ltr'><strong>dominis</strong></span> <span class='ocrx_word' id='word_1_318' title='bbox 589 4278 762 4345; x_wconf 91' lang='lat' dir='ltr'><strong>baronibus</strong></span> <span class='ocrx_word' id='word_1_319' title='bbox 792 4278 936 4361; x_wconf 91' lang='lat' dir='ltr'><strong>deputati</strong></span> <span class='ocrx_word' id='word_1_320' title='bbox 969 4278 1134 4344; x_wconf 85' lang='lat' dir='ltr'><strong>venientes</strong></span> <span class='ocrx_word' id='word_1_321' title='bbox 1167 4278 1208 4343; x_wconf 92' lang='lat' dir='ltr'><strong>ad</strong></span> <span class='ocrx_word' id='word_1_322' title='bbox 1236 4279 1364 4345; x_wconf 80' lang='lat' dir='ltr'><strong>tabulas</strong></span> 
     </span>
     <span class='ocr_line' id='line_1_36' title="bbox 62 4389 1364 4473; baseline 0 -18"><span class='ocrx_word' id='word_1_323' title='bbox 62 4389 360 4473; x_wconf 85' lang='lat' dir='ltr'><strong>pronunciauerunt</strong></span> <span class='ocrx_word' id='word_1_324' title='bbox 389 4391 596 4457; x_wconf 88' lang='lat' dir='ltr'><strong>iuuenciones</strong></span> <span class='ocrx_word' id='word_1_325' title='bbox 617 4390 774 4456; x_wconf 89' lang='lat' dir='ltr'><strong>baronum</strong></span> <span class='ocrx_word' id='word_1_326' title='bbox 800 4390 901 4457; x_wconf 87' lang='lat' dir='ltr'><strong>lactas</strong></span> <span class='ocrx_word' id='word_1_327' title='bbox 924 4391 957 4457; x_wconf 90' lang='lat' dir='ltr'><strong>in</strong></span> <span class='ocrx_word' id='word_1_328' title='bbox 980 4392 1148 4473; x_wconf 90' lang='lat' dir='ltr'><strong>presencia</strong></span> <span class='ocrx_word' id='word_1_329' title='bbox 1170 4391 1291 4458; x_wconf 89' lang='lat' dir='ltr'><strong>domini</strong></span> <span class='ocrx_word' id='word_1_330' title='bbox 1314 4389 1364 4456; x_wconf 86' lang='lat' dir='ltr'><strong>Si·</strong></span> 
     </span>
     <span class='ocr_line' id='line_1_37' title="bbox 60 4501 1364 4588; baseline 0 -20"><span class='ocrx_word' id='word_1_331' title='bbox 60 4501 237 4582; x_wconf 67' lang='lat' dir='ltr'><strong>aismundi,</strong></span> <span class='ocrx_word' id='word_1_332' title='bbox 268 4503 354 4581; x_wconf 75' lang='lat' dir='ltr'><strong>regis</strong></span> <span class='ocrx_word' id='word_1_333' title='bbox 378 4502 518 4585; x_wconf 76' lang='lat' dir='ltr'><strong>Ungarie</strong></span> <span class='ocrx_word' id='word_1_334' title='bbox 540 4508 574 4569; x_wconf 92' lang='lat' dir='ltr'><strong>et</strong></span> <span class='ocrx_word' id='word_1_335' title='bbox 595 4502 731 4569; x_wconf 89' lang='lat' dir='ltr'><strong>aliorum</strong></span> <span class='ocrx_word' id='word_1_336' title='bbox 760 4503 934 4568; x_wconf 88' lang='lat' dir='ltr'><strong>multomm</strong></span> <span class='ocrx_word' id='word_1_337' title='bbox 963 4503 1128 4585; x_wconf 89' lang='lat' dir='ltr'><strong>baronum,</strong></span> <span class='ocrx_word' id='word_1_338' title='bbox 1159 4522 1222 4588; x_wconf 92' lang='lat' dir='ltr'><strong>que</strong></span> <span class='ocrx_word' id='word_1_339' title='bbox 1252 4504 1364 4569; x_wconf 88' lang='lat' dir='ltr'><strong>inuen-</strong></span> 
     </span>
    </p>
   </div>
   <div class='ocr_carea' id='block_1_5' title="bbox 0 0 1546 5160">
    <p class='ocr_par' dir='ltr' id='par_1_5' title="bbox 0 0 1546 5160">
     <span class='ocr_line' id='line_1_38' title="bbox 0 0 1546 5160; baseline 0 0"><span class='ocrx_word' id='word_1_340' title='bbox 0 0 1546 5160; x_wconf 95' lang='lat' dir='ltr'><strong> </strong></span> 
     </span>
    </p>
   </div>
  </div>
 </body>
</html>
