3068 5160
28 344 71 407 50
642 340 718 389 raus.

31 553 139 631 uerrsis
162 556 272 615 ruituro
295 545 365 611 deri
387 543 536 609 volumus
558 544 719 609 uniuersis
740 550 884 609 tenorem
897 544 1101 627 presencium
1123 544 1305 627 inspecturis,

31 666 115 747 ιμιοιί
140 682 197 730 uos
220 680 291 726 euru
315 658 496 723 senioribus
518 664 645 723 matura
665 656 900 723 deliberacione
920 656 1090 739 prebsbita
1103 656 1247 723 diuersos
1265 657 1307 721 de

33 779 136 843 butus
153 774 294 839 ciuitatis
307 770 544 853 pretendentes,
567 788 703 853 quorum
720 770 823 835 nudor
843 768 914 849 tuit,
936 768 1022 853 quod
1036 770 1110 851 ipsa
1124 769 1239 835 ciuitas
1255 776 1307 834 teu

32 910 50 954 u
75 888 236 955 nobilibus
258 902 354 969 quoru
376 902 396 947 a
419 884 545 949 ciuibus
566 883 658 965 regni
679 882 810 948 Boemie
825 882 927 965 ipsam
942 882 1108 947 ciuitatem
1124 882 1309 948 visitantibus

33 1014 141 1067 uotam
175 1000 302 1067 nuboris
330 1004 364 1063 et
385 996 577 1062 verecundie
609 1014 705 1079 passa
732 995 845 1061 fuisset
872 1012 931 1077 per
958 994 1062 1060 multa
1088 1000 1236 1078 tempora
1259 1014 1310 1059 uon

33 1116 192 1181 rrruuiiruru
221 1132 260 1179 ox
290 1131 346 1179 eo.
381 1110 467 1193 quod
495 1128 560 1175 non
588 1109 723 1175 haberet
749 1110 876 1175 domum
909 1106 1037 1172 consilii
1065 1114 1101 1173 et
1129 1107 1310 1191 maniloquii.

34 1230 117 1293 sieut
141 1228 203 1293 alie
227 1226 374 1290 ciuitates
396 1222 550 1302 capitales
574 1232 807 1289 consueuerant
828 1220 955 1300 babere,
977 1220 1012 1285 in
1034 1238 1101 1304 qua
1122 1238 1221 1287 muse
1234 1238 1313 1302 super

35 1343 173 1408 ‹iiurersis
196 1335 337 1417 negociis
360 1333 500 1398 ciuitatis
522 1341 556 1398 et
578 1334 714 1399 consilia
735 1335 853 1399 cininrn
865 1338 1089 1415 metarentur,
1112 1338 1149 1399 et
1169 1336 1314 1416 oporteret

37 1458 123 1535 ipsos
147 1452 234 1513 ciues
265 1445 452 1528 septimanis
483 1446 620 1523 singulis
651 1466 785 1531 querere
812 1447 941 1513 diuersa
968 1446 1115 1511 locorum
1137 1444 1313 1512 diuerticula

37 1570 177 1645 ipsorum
208 1558 320 1624 honori
350 1557 456 1621 minus
487 1558 638 1625 ‹leuurncia
659 1580 717 1644 pro
740 1560 844 1625 causis
873 1558 1013 1623 ciuitatis
1035 1564 1070 1623 et
1091 1559 1237 1641 negociis
1256 1576 1314 1641 per·

36 1673 219 1739 trartuudis.
264 1669 313 1734 Ad
343 1672 571 1737 rernouenduru
601 1672 686 1737 hunc
715 1672 872 1737 deiectum
903 1688 962 1737 nos
989 1720 1035 1737 ..
1067 1670 1208 1753 predicti
1242 1670 1314 1735 ciues

36 1787 164 1850 ‹iouuuu
188 1802 259 1847 curu
283 1802 359 1846 area
373 1783 531 1865 quondam
548 1784 688 1851 Wolflini
711 1786 751 1850 de
765 1784 885 1867 Lepide
906 1792 940 1849 et
960 1782 1112 1849 censibus
1126 1782 1316 1866 presentibus

36 1904 69 1959 et
90 1894 216 1973 iutruiS,
240 1895 268 1959 si
291 1895 345 1977 qui
368 1895 494 1959 adaucti
510 1896 639 1975 iruerint,
662 1904 696 1962 et
715 1898 789 1962 aliis
808 1895 1014 1979 pertinenciis
1027 1895 1071 1959 ad
1083 1895 1190 1977 ipsam
1203 1896 1316 1961 domum

36 2014 69 2071 et
91 2025 197 2070 aream
214 2008 431 2089 spectantibus
447 2010 616 2081 vniuorsis,
639 2010 734 2075 sitam
749 2011 782 2075 iu
796 2010 866 2073 acie
880 2008 985 2074 medio
999 2006 1061 2072 iori
1075 2014 1190 2073 conus
1204 2009 1317 2074 donum

36 2118 157 2183 ,ioirliui
181 2119 293 2184 Jacobi
317 2120 350 2184 in
374 2121 445 2202 ipsa
467 2122 597 2186 ciuitate
620 2122 783 2203 hegensi,
813 2122 853 2186 de
875 2120 1002 2203 rngeito
1023 2118 1091 2185 vini
1113 2120 1156 2184 ad
1178 2120 1318 2185 bonorem

36 2238 69 2297 et
84 2233 283 2297 commodum
305 2239 370 2297 tani
394 2233 530 2298 diuitum
553 2254 648 2317 apuam
671 2253 846 2317 pauperum
864 2252 922 2316 pro
936 2234 1031 2299 domo
1046 2232 1175 2299 consilii
1190 2234 1320 2316 ipsorum

37 2346 156 2411 ciuium
187 2350 313 2410 motura
342 2344 577 2412 deliberacione
607 2348 775 2429 prehabito
802 2346 969 2412 emendum
997 2344 1148 2411 duximus
1170 2364 1211 2411 ac
1231 2346 1321 2411 eciam

37 2458 264 2523 ‹rxsrrlrrondam
296 2458 355 2523 sub
385 2459 569 2523 huiusmodi
599 2460 775 2540 suspicionis
796 2466 831 2524 et
852 2458 1025 2525 solucionis
1043 2457 1157 2537 forma,
1180 2464 1217 2525 rt
1234 2454 1322 2542 jurati

38 2572 178 2637 ciuitatis
198 2572 350 2654 predicto,
374 2572 554 2655 quicunque
569 2590 628 2654 pro
642 2578 786 2653 ternpore
800 2570 930 2639 fuerint.
952 2571 986 2635 iu
1007 2570 1094 2635 dicta
1107 2571 1206 2636 domo
1221 2586 1324 2637 causus

38 2690 70 2749 ot
100 2685 234 2762 riopocia
263 2685 364 2766 ipsius
395 2685 535 2749 ciuitatis
565 2692 599 2749 et
626 2684 777 2749 collectas
806 2683 924 2749 babere
949 2682 1088 2748 debeant
1116 2689 1151 2748 et
1179 2690 1325 2766 perpetuo

40 2802 244 2877 pertractare,
275 2797 501 2878 impedimento
532 2796 704 2862 cuiuslibet
734 2813 798 2861 non
828 2797 985 2862 obstante.
1028 2792 1207 2860 statuimus
1233 2796 1325 2860 eciam

39 2908 98 2970 sub
121 2926 204 2988 piena
226 2908 427 2990 infrascripta
449 2909 602 2985 volentes,
627 2928 667 2972 nc
690 2908 808 2991 aliquis
834 2907 989 2973 nobilium
1004 2926 1061 2972 seu
1084 2907 1206 2971 ciuium
1229 2908 1326 2972 euius·

40 3039 164 3101 «rurique
187 3021 361 3099 diguitatis,
384 3021 628 3103 preeminencie,
660 3020 867 3101 condicionis,
890 3026 993 3085 status
1015 3018 1065 3083 rel
1088 3018 1186 3083 officii
1209 3020 1326 3093 existat

40 3134 168 3197 «laurum
203 3134 304 3214 ipsarrr
336 3134 386 3197 rel
421 3152 550 3198 censum
583 3134 653 3197 eius
683 3134 716 3198 in
747 3137 815 3199 toto
838 3132 888 3197 vei
922 3132 956 3197 in
984 3136 1076 3215 purte
1105 3150 1145 3197 ex
1174 3132 1327 3198 adiutorio

40 3246 160 3310 domini
192 3248 293 3311 nostri
323 3246 408 3327 repis
432 3246 481 3308 rel
512 3264 734 3311 successorum
763 3264 894 3310 suorum
923 3244 985 3309 sibi
1007 3242 1058 3308 rel
1084 3245 1258 3313 heredibus
1279 3248 1329 3308 aut

40 3358 152 3423 unriris
169 3358 236 3423 suis
255 3378 408 3441 rsurpure
424 3359 473 3422 rei
489 3358 630 3423 alienare
646 3362 819 3440 presumat,
835 3358 952 3422 audeat
964 3356 1016 3423 rel
1031 3356 1149 3423 debeat
1161 3356 1329 3441 quomodo·

40 3474 119 3537 iiiiet
141 3473 172 3536 in
197 3470 348 3545 futurum,
383 3471 439 3535 sod
471 3471 510 3536 ud
540 3472 642 3553 ipsam
678 3472 840 3535 ciuitatem
873 3488 932 3552 pro
965 3469 1086 3536 honore
1115 3474 1150 3534 ct
1171 3466 1329 3535 commodo

40 3593 185 3666 spectare
216 3585 311 3649 debet
340 3584 372 3648 irr
403 3590 557 3648 eternum.
603 3582 637 3647 Si
660 3584 732 3666 (puris
755 3582 903 3648 verorel
926 3582 1033 3665 siqui
1062 3582 1193 3648 statutis
1220 3580 1331 3648 nostris

41 3697 193 3777 predictis
227 3697 267 3761 ud
300 3697 464 3763 dourrinuru
497 3701 640 3761 nostrum
658 3745 691 3762 ..
721 3715 847 3779 regem,
879 3694 1016 3760 heredes
1048 3694 1100 3759 rel
1134 3708 1332 3760 successores

43 3810 142 3889 ipsius
166 3828 223 3891 pro
246 3810 455 3891 rsurpariune
478 3828 534 3873 seu
558 3810 755 3874 alienaeione
777 3810 861 3874 dicte
887 3808 1001 3875 doinus
1022 3806 1074 3872 rel
1098 3825 1215 3873 census
1237 3806 1332 3889 ipsius

44 3922 74 3985 iu
97 3928 164 3985 toto
188 3921 238 3985 rel
262 3923 293 3986 in
309 3928 400 4004 puae
418 3921 592 3986 labo-ando
613 3924 772 3988 contraire
794 3920 892 3987 rellet
909 3927 966 3986 aut
991 3919 1119 4000 vellent
1142 3920 1196 3985 hic
1218 3918 1270 3985 rel
1290 3916 1332 3983 hii

44 4054 99 4114 por·
123 4056 180 4099 uos
211 4040 267 4099 aut
296 4052 499 4099 sureeessores
529 4040 656 4099 nostros
686 4042 759 4099 eta
780 4034 924 4118 quolibet
952 4032 1112 4115 fidedigno
1135 4033 1285 4115 periurus
1304 4034 1336 4097 et

44 4146 213 4219 tidrirupus
244 4148 339 4212 «icius
368 4166 450 4225 esse,
481 4152 513 4211 et
542 4147 643 4211 eciam
672 4147 811 4212 violator
839 4147 890 4212 sui
919 4145 1049 4212 honoris
1070 4144 1207 4211 vbiiibet
1231 4142 1335 4229 appel-

46 4260 102 4322 iuri
128 4278 198 4321 euru
222 4261 393 4325 uurissioue
425 4279 531 4324 rerurnr
554 4266 588 4325 ot
610 4261 762 4342 corporis.
793 4279 930 4344 quorum
951 4260 1106 4324 bonorum
1137 4258 1246 4324 media
1266 4272 1337 4340 pars

45 4376 119 4437 tirou
144 4371 262 4436 riouriui
289 4375 387 4437 riustri
411 4375 506 4453 repis,
531 4374 655 4456 reliqua
677 4393 752 4437 reru
775 4391 849 4455 pars
873 4371 995 4437 ciuitati
1011 4371 1124 4436 cedere
1142 4370 1241 4437 debet
1254 4376 1340 4436 ante·

44 4490 135 4549 divio,
163 4506 277 4567 corpus
301 4496 405 4552 uerutum
429 4487 611 4551 iuriusurodi
633 4486 882 4567 transgressoris
898 4485 986 4549 iuxta
1000 4483 1141 4567 prosim
1160 4485 1341 4568 juratorum
