3068 5160
677 374 753 424 128⁷.
1297 373 1360 437 725

64 591 210 667 (quartam
232 584 442 648 municionem
467 598 531 644 non
554 581 716 646 onrauerit
736 580 851 656 lacere,
882 585 958 645 tnnc
980 579 1072 644 nobis
1094 579 1297 644 adiudicatus
1320 580 1363 644 sit

61 697 157 761 rebus
179 697 301 778 pariter
323 701 356 760 et
377 711 524 776 persona.
570 691 747 758 Statuimns
770 694 880 770 eciam,
909 693 994 775 quod
1017 695 1045 757 si
1068 692 1225 756 tumultus
1247 691 1364 773 aliquis

56 810 194 874 bellicus
211 809 369 873 excitatus
384 805 483 872 luerit
498 807 530 870 in
543 806 683 884 ciuitate,
700 807 741 870 ad
757 824 853 888 quem
868 805 985 887 aliquis
1000 811 1108 887 preter
1124 805 1308 868 mandatum
1321 783 1364 864 ⁸⁸)

56 918 264 1001 dictorum⁸⁹)
281 939 336 985 sex
353 921 529 985 iuratorum
542 923 684 983 armatus
703 919 885 995 occurrerit,
903 918 986 982 idem
1002 918 1111 982 decem
1126 916 1247 980 talenta
1261 916 1363 980 nobis’

57 1042 94 1100 et
117 1035 257 1116 quinque
284 1032 387 1114 judici
417 1037 450 1096 et
472 1032 594 1096 ciuitati
625 1048 682 1113 pro
705 1031 850 1114 qualibet
878 1031 950 1095 uice
975 1031 1089 1094 soluat.
1102 1026 1152 1103 ⁹⁰).
1198 1027 1231 1093 Si
1255 1035 1363 1093 autem

59 1149 189 1212 soluere
210 1164 274 1210 non
296 1145 425 1226 poterit,
449 1150 525 1209 tunc
545 1143 682 1226 predicti
704 1162 760 1208 sen
780 1143 880 1224 jurati
903 1144 1140 1225 punientem,
1165 1145 1253 1207 iuxta
1276 1143 1362 1224 quod

61 1260 215 1341 expedire
245 1257 417 1335 uidebitur,
444 1257 570 1322 iusticia
599 1260 817 1321 verumtamen
846 1256 1015 1320 mediante.
1061 1254 1105 1319 Et
1126 1257 1204 1336 quia
1232 1255 1362 1336 dignum

61 1378 123 1448 est,
153 1376 190 1435 ut
215 1368 399 1448 cuilibet⁹¹)
428 1365 682 1451 subditorum’u
710 1375 892 1433 nostrorum
922 1368 1083 1434 iusticiam
1114 1384 1357 1445 conseruemus;

62 1485 92 1547 si
115 1483 231 1565 aliquis
259 1481 358 1547 luerit
385 1486 554 1547 accusatus
583 1480 637 1546 uel
662 1479 833 1545 infamatus
863 1480 964 1558 nobis,
996 1481 1099 1545 eidem
1128 1486 1278 1545 accusato
1310 1481 1362 1544 uel

60 1596 217 1662 infamato
241 1594 505 1674 expurgacionem
535 1593 736 1659 concedimus
760 1592 900 1658 debitam
930 1599 964 1657 et
985 1591 1188 1658 infamantem
1218 1594 1360 1657 nomina·

56 1710 167 1774 bimus
200 1707 252 1771 uel
282 1707 382 1771 eciam
410 1712 629 1784 accusantem3
663 1710 705 1784 et,
740 1707 768 1770 si
798 1724 833 1770 se
863 1706 1097 1787 expurgauerit„
1133 1710 1230 1786 prout
1259 1705 1361 1782 decet,

60 1820 233 1886 infamator
246 1818 298 1884 uel
313 1824 482 1883 accusator
499 1818 611 1882 eadem
624 1835 708 1899 pena
720 1815 761 1897 ⁹³)
784 1818 944 1898 punietur,
968 1836 1064 1900 quam
1074 1815 1117 1899 ⁸⁴)
1139 1824 1309 1883 accusatus
1320 1815 1361 1899 ⁹⁸)

61 1933 118 1997 uel
133 1932 302 1997 infamatus
325 1931 432 1996 subire
455 1929 619 2007 debuerat,
643 1927 724 2010 si'⁶)
747 1949 805 2011 per
827 1927 1145 2012 expurgaoionem'²)
1174 1931 1361 2011 condignam

59 2063 154 2109 suam
170 2045 384 2110 innocencium
396 2061 459 2108 non
474 2042 652 2125 probasset.
676 2040 855 2107 Statuimus
870 2043 1001 2125 insuper
1016 2047 1049 2107 et
1064 2043 1158 2108 dictis
1175 2061 1231 2107 sex
1243 2044 1360 2126 juratis

57 2175 213 2238 expresse
228 2157 422 2235 mandamns,
447 2156 532 2240 quod
549 2158 669 2222 iustum
683 2154 788 2220 forum
803 2156 843 2220 de
859 2155 1060 2232 victualibus,
1081 2155 1154 2219 vino
1170 2160 1202 2220 et
1217 2154 1361 2237 quolibet

53 2276 155 2351 potus
175 2288 289 2350 genere
312 2274 411 2352 atque
433 2269 474 2333 de
489 2268 633 2351 qualibet
654 2287 689 2334 re
711 2265 837 2347 alia'⁸)‚
861 2286 924 2350 que
939 2268 1087 2331 venditur
1109 2267 1149 2330 ad
1165 2284 1355 2343 mensuram,

50 2384 182 2464 justum
205 2382 308 2447 lorum
332 2387 365 2447 et
386 2399 536 2447 mensura
559 2380 667 2446 debita
688 2381 862 2445 secundnm
886 2381 1026 2444 valorem
1049 2379 1171 2443 denarii
1188 2383 1358 2456 statuatur,

54 2501 92 2561 et
116 2493 287 2576 hiidem⁹⁹J
311 2513 366 2559 sex
386 2495 487 2577 jurati
515 2493 634 2559 faciant
663 2493 723 2558 boc
753 2494 900 2557 striccius
935 2491 1109 2556 obseruari.
1154 2490 1223 2556 Hec
1252 2496 1359 2556 autem

54 2609 168 2673 omnia
190 2614 224 2672 et
239 2608 374 2689 singula,
398 2612 496 2689 prout
509 2607 658 2688 superius
681 2606 914 2683 describuntur,
940 2606 1018 2671 dicti
1033 2624 1088 2670 sex
1107 2607 1208 2689 jurati
1223 2605 1359 2670 sollicite

55 2726 161 2801 atque
173 2717 229 2801 ¹⁰⁰)
252 2717 389 2785 fideliter
415 2718 644 2802 adimplebunt,
668 2723 701 2784 et
715 2720 909 2801 precipimus
925 2720 981 2797 eis,
1006 2715 1160 2802 quod¹⁰¹)
1175 2719 1357 2783 execucioni

54 2831 171 2898 debite
193 2834 262 2897 sine
285 2832 358 2896 dolo
381 2838 415 2897 et
437 2832 587 2913 capcione
598 2826 657 2914 ¹⁰⁸)
679 2832 824 2915 qnalibet
845 2832 983 2897 debeant
1005 2834 1182 2897 emendare.
1228 2827 1360 2911 Sed¹⁰²)

53 2945 87 3010 si
107 2943 192 3009 forte
214 2945 351 3025 predicti
374 2962 429 3008 sex
448 2945 547 3027 jurati
569 2942 693 3025 prefata
715 2944 767 3008 uel
798 2941 989 3025 aliquid¹⁰⁴)
1020 2945 1216 3025 prelatorum
1246 2963 1303 3025 per
1325 2963 1360 3008 se

52 3058 177 3138 exequi
209 3075 272 3120 non
304 3055 471 3133 valebunt,
505 3061 582 3121 tunc
608 3057 725 3139 judicis
760 3062 793 3119 et
829 3057 963 3119 aliorum
993 3057 1173 3137 juratorum
1206 3057 1359 3121 auxilium

53 3167 286 3250 implorabunt,
311 3174 344 3232 et
359 3167 478 3232 hiidem
489 3163 547 3249 ¹⁰⁵)
565 3167 665 3250 judex
687 3173 720 3233 et
731 3167 830 3249 jurati
855 3185 947 3230 omne
966 3164 1114 3248 ipsis¹⁰⁶l
1139 3169 1305 3232 consilium
1329 3175 1360 3231 et

53 3280 216 3346 auxilium
239 3281 456 3362 inpercientur
477 3277 615 3345 fideliter
637 3285 670 3344 et
688 3280 820 3345 sincere.
845 3279 888 3344 Et
903 3281 974 3344 ideo
998 3280 1110 3360 scripti
1133 3281 1290 3360 presentis
1303 3276 1359 3353 ¹⁰⁷)
1461 3316 1473 3337 f

52 3401 173 3465 tenore
195 3392 380 3457 mandamus
404 3393 498 3458 dictis
510 3392 611 3477 judici
635 3398 667 3459 et
680 3393 797 3476 Juratis
821 3394 972 3470 ciuitatis,
997 3392 1190 3474 quicumque
1205 3411 1262 3472 pro
1280 3398 1359 3455 tem-

53 3523 140 3587 pore
155 3505 209 3569 illo
224 3504 352 3583 luerint,
373 3506 459 3588 quod
474 3504 568 3571 dictis
584 3524 639 3572 sex
651 3506 768 3588 juratis
784 3506 937 3570 assistant
953 3506 1084 3570 consilio
1100 3511 1132 3569 et
1148 3505 1266 3568 auxilio
1282 3503 1359 3568 lide-

54 3618 138 3682 liter
152 3616 184 3679 in
200 3618 284 3681 omni
300 3617 445 3695 articulo,
470 3618 749 3700 quocienscunque
771 3637 829 3699 per
844 3636 899 3682 eos
915 3617 1032 3682 luerint
1053 3618 1209 3699 requisiti.
1235 3616 1267 3682 Si
1284 3636 1358 3682 vero

53 3729 180 3809 aliquis
210 3748 248 3792 ex
270 3727 423 3810 predictis
453 3745 508 3792 sex
534 3729 652 3810 juratis
683 3730 735 3794 uel
754 3730 852 3811 judex
882 3728 1007 3811 aut¹⁰⁸)
1038 3731 1154 3813 aliquis
1185 3750 1223 3795 ex
1242 3731 1359 3812 juratis

54 3841 204 3906 ciuitatis
233 3860 338 3922 prece,
368 3841 486 3923 precio,
497 3839 556 3924 ¹⁰⁸)
585 3842 658 3907 odio
681 3839 801 3922 uel¹¹⁰)
831 3861 948 3921 amore,
979 3844 1051 3907 dolo
1081 3843 1134 3907 nel
1160 3862 1361 3925 quocumque

53 3953 146 4019 malo
180 3954 306 4034 ingenio
340 3954 485 4034 predicta
521 3956 626 4020 omnia
659 3961 692 4020 et
725 3957 860 4037 singula,
899 3976 962 4039 que
995 3952 1241 4038 prescriptu¹¹¹)
1275 3962 1358 4033 sunt,

53 4063 259 4146 effectui¹¹²)
289 4084 352 4130 non
382 4064 612 4150 curauerit¹¹')
641 4070 833 4150 mancipare,
868 4074 943 4150 post
972 4070 1105 4149 primam
1140 4070 1358 4147 municionem,

52 4197 134 4244 curn
157 4194 250 4242 casus
273 4178 417 4259 exigerit,
445 4180 558 4260 viginti
580 4179 701 4245 talenta
723 4181 924 4246 denariorum
948 4180 1049 4258 nobis
1075 4187 1108 4245 et
1129 4180 1238 4245 ‹leoem
1258 4181 1360 4263 judici

52 4297 91 4357 et
115 4290 241 4354 ciuitati
268 4291 336 4354 sine
366 4290 537 4357 cuiuslibet
567 4291 732 4374 dispendio
763 4313 850 4358 more
873 4291 1062 4376 soluet¹¹⁴);
1093 4300 1167 4375 post
1189 4295 1360 4359 secundam

52 4401 271 4468 monicionem
284 4399 341 4483 ¹¹⁵)
364 4403 574 4486 quadraginta
589 4405 681 4470 nobis
703 4406 824 4470 talenta
840 4404 1121 4488 ‹lenariormn¹¹⁶)‚
1145 4408 1258 4490 viginti
1280 4427 1355 4473 vero

47 4512 229 4601 jrrdici¹¹⁷)
251 4515 405 4581 aceolum
427 4517 568 4595 ciuitati3
592 4524 666 4600 post
687 4519 818 4584 terciam
842 4518 1119 4600 rnonicionenr¹¹⁸l
1142 4519 1244 4602 inm)
1268 4541 1357 4586 sexa-
