3090 5370
696 60 755 111 a*
816 62 835 103 ‚¹
919 40 1076 125 [Zrbffi
1160 42 1226 107 Η

653 431 729 480 rosi.
1177 426 1180 433 ’
1237 475 1241 487 ,
1300 431 1343 496 39

57 634 256 715 dinoscamur,
280 634 356 717 quia
377 640 484 699 tamon
507 632 600 698 litere
626 634 769 716 predicte
792 640 826 699 et
848 633 954 715 gracie
977 634 1010 699 in
1032 633 1113 716 ipsis
1134 625 1285 720 expresse
1307 639 1342 706 in
1435 663 1445 681 ·
1481 720 1486 733 ,

55 747 232 813 dioctorum
261 747 354 813 nobis
388 746 507 811 ciuium
537 747 746 828 Pragensium
778 747 991 829 preiudiciuru
1023 767 1087 813 non
1118 749 1278 816 modicum
1307 757 1343 818 et
1368 786 1385 807 ι

54 859 197 925 douram
229 859 380 926 uidentur
411 877 543 940 vergere
577 857 755 939 manifeste,
793 860 957 926 libertates
991 878 1118 942 quoque
1151 867 1184 926 et
1216 862 1342 944 gracias

51 973 167 1039 anobis
190 978 224 1038 et
244 972 526 1054 prodecessoribus
549 972 668 1037 nostris
688 972 819 1037 Boemie
841 972 971 1053 regibus
994 973 1073 1055 ipsis
1096 973 1237 1040 indultas
1258 980 1342 1041 tota·

49 1085 110 1152 liter
142 1085 326 1165 absorbere,
360 1091 456 1167 prout
484 1103 522 1149 ex
552 1083 737 1167 postfacto
768 1102 878 1149 sumus
909 1084 1037 1167 plenius
1065 1084 1236 1167 informati,
1268 1106 1340 1154 cum

48 1217 100 1264 non
132 1199 249 1264 deceat
277 1197 418 1281 aliquem
447 1196 636 1280 locupletari
666 1215 738 1261 cum
768 1196 901 1262 alterius
923 1197 1125 1278 detrimento,
1156 1217 1215 1265 nec
1237 1200 1340 1265 intan-

10 1342 12 1388 ,
45 1312 153 1376 dumus
175 1329 234 1392 per
255 1310 367 1375 literas
389 1311 518 1375 easdem
541 1310 674 1389 iuribus,
698 1309 911 1388 libertatibus,
942 1310 1060 1391 graciis
1083 1315 1138 1374 aut
1158 1311 1338 1396 priuilegiis

10 1445 12 1455 ¹
44 1423 201 1489 dictorum
231 1428 414 1488 nostrorum
444 1423 563 1487 ciuium
585 1422 793 1505 Progensium
820 1422 854 1488 in
874 1427 942 1487 toto
966 1422 1018 1486 uel
1041 1427 1132 1505 parta
1154 1421 1263 1508 aliqua
1285 1425 1339 1490 de·

43 1554 154 1618 rogare
175 1540 232 1600 aut
246 1535 334 1617 ipsas
348 1534 532 1618 aliqualiter
553 1534 724 1616 infirmare,
748 1534 805 1600 sed
820 1535 931 1617 pocius
954 1535 1083 1599 easdem
1106 1537 1270 1617 perpetuis
1292 1537 1341 1602 in·
1462 1581 1467 1595 .

41 1655 136 1714 antea
157 1648 357 1730 temporibus
379 1647 413 1713 in
435 1664 494 1714 suo
511 1648 627 1714 robore
642 1665 850 1727 consemare3
875 1647 1073 1729 supradictas
1088 1646 1339 1729 Ratisponenses

38 1779 93 1844 per
117 1778 189 1839 nos,
214 1767 250 1825 ut
270 1759 475 1852 premittitur,
497 1761 589 1826 datas
611 1759 723 1825 literas
752 1761 787 1825 in
808 1759 872 1824 hiis
895 1759 1023 1842 scriptis
1046 1777 1244 1840 reuocamus,
1272 1779 1342 1826 cas-

37 1891 159 1953 samus,
183 1872 403 1938 irritamuset
423 1871 626 1937 annullamus
648 1878 812 1955 tamquam
827 1889 885 1954 per
899 1871 1162 1954 inportunitatem
1183 1873 1341 1953 obtentas,

36 1986 250 2052 decernentes
272 2001 328 2049 eas
349 1982 418 2050 lore
439 1984 557 2050 debere
579 1985 620 2050 de
642 1990 749 2050 cetero
778 1982 899 2049 nullius
929 1983 1119 2065 simpliciter
1140 1985 1265 2052 roboris
1286 1986 1339 2052 vel
1475 2056 1478 2061 ,

36 2097 195 2164 momenti
209 2104 243 2162 et
259 2097 494 2178 sepedictomm
508 2103 690 2163 nostrorum
711 2096 831 2162 ciuium
845 2096 1053 2178 Progensium
1075 2095 1189 2179 literis,
1213 2098 1340 2181 graciis,
1440 2179 1442 2182 Α

34 2210 244 2277 hbertatibus
266 2216 323 2275 ant
342 2208 523 2292 priuilegiis
546 2209 729 2293 aliqualiter
750 2228 815 2275 non
833 2209 970 2275 obstare.
994 2210 1031 2274 ln
1047 2228 1183 2293 quorum
1197 2211 1341 2277 testimo·

31 2325 126 2390 nium
144 2328 180 2389 et
192 2322 291 2389 robur
312 2327 500 2405 perpetuum
523 2322 666 2404 sigillum
688 2327 833 2388 courum
854 2322 1058 2404 presentibus
1080 2328 1131 2388 est
1152 2340 1339 2406 appensum.

29 2438 159 2502 Datum
174 2436 208 2500 in
222 2433 344 2500 lbaust
364 2434 538 2500 tredecimo
554 2434 708 2501 kalendas
723 2432 919 2517 Septembris
934 2452 1017 2500 anno
1032 2434 1154 2500 domini
1168 2433 1339 2500 millesimo

31 2547 268 2614 uouentesimo
290 2547 453 2612 tricesimo
476 2547 589 2628 primo.

142 2718 228 2772 Liber
244 2719 448 2773 vetustissimus
466 2717 668 2788 privilagiomm
687 2720 710 2773 d.
728 2724 779 2773 333
799 2725 846 2773 str.
864 2725 906 2772 11.
924 2735 941 2770 v
959 2717 1070 2773 archim
1094 2736 1129 2774 m.
1146 2717 1243 2788 Praby.
1278 2718 1341 2773 List

29 2813 159 2886 potvrdil
178 2813 251 2867 usal
269 2812 399 2880 Sigmund
416 2813 529 2867 vPraze
548 2819 590 2868 36.
609 2829 693 2883 srpna
712 2820 787 2868 1136.

620 3021 684 3106 ὔίε.
708 3043 760 3105 22.

385 3210 488 3279 1331.
526 3211 582 3279 22.
606 3228 735 3297 srpna.
770 3211 997 3282 Domatllco.

34 3385 121 3449 Kraa
144 3382 212 3449 Juu
236 3385 396 3468 uacdaaja
426 3387 458 3446 io
480 3382 638 3467 obyoutclc
657 3382 829 3448 kralooctoi
851 3362 981 3449 &abacto
1002 3385 1130 3469 odecbay
1153 3363 1337 3460 111ωᾷ1111-

34 3498 121 3583 ry'ma'
141 3518 180 3559 za
196 3494 347 3580 patciaco
369 3494 566 3559 koruaoodai
579 3496 654 3581 jobo
676 3519 698 3559 a
717 3495 878 3579 prooddat
896 3496 1099 3581 kadlooakgidr
1114 3495 1186 3560 decr
1201 3496 1343 3580 pooiam'

37 3610 112 3694 byei,
136 3606 292 3692 rapiandi,
311 3606 414 3691 jokoi
432 3607 447 3670 i
459 3608 536 3691 jind
554 3605 681 3671 beraea
703 3604 800 3671 dabre
817 3607 887 3672 odda
909 3630 931 3671 o
952 3631 990 3673 oc
1014 3608 1201 3692 poviaaooti
1225 3608 1342 3692 placiti

36 3744 66 3785 aa
82 3718 253 3805 podaocui,
276 3722 421 3804 zooazuja
437 3741 468 3782 aa
482 3719 620 3804 Ξάάπῇἁι
639 3719 755 3804 aovy'cb
777 3717 881 3784 clarck
903 3744 947 3785 aa
968 3721 1039 3784 oieb
1060 3719 1215 3785 nemaeo.
1237 3719 1339 3784 Pouzc

39 3832 142 3918 kdyby
161 3854 221 3917 aqna
248 3831 311 3895 met
332 3831 514 3896 maenaa
544 3830 611 3917 bytc'
637 3829 716 3895 uach
738 3831 832 3895 deora
859 3833 991 3897 adimi
1011 3832 1224 3916 prooddudau
1255 3831 1339 3918 byla,

40 3943 584 4009 doemaidatdatizkucddw
614 3943 691 4008 Mau
720 3950 799 4007 dicat
827 3945 1112 4031 kopyapa‘a'tom
1140 3948 1339 4030 moazujeac

161 4054 296 4119 malti
315 4065 406 4119 atavo
427 4055 617 4121 ducbooaiho
639 4080 660 4120 a
683 4057 849 4121 mactabo
872 4057 913 4121 od
933 4068 1024 4122 atauo
1041 4057 1212 4143 paucitate.

141 4229 211 4295 Nos
233 4228 396 4295 lohannes
426 4231 479 4295 dei
509 4230 616 4314 gracia
637 4230 768 4295 Boemie
790 4236 824 4295 et
845 4231 976 4297 Polonie
1006 4249 1062 4296 ren
1085 4251 1122 4297 ao
1143 4232 1338 4299 Lucambur-

42 4344 147 4422 gensis
171 4359 279 4407 comes
300 4342 559 4425 recognoscimus
580 4347 691 4410 tenore
719 4343 919 4425 presencium
942 4344 1111 4425 uniuersis,
1135 4362 1194 4411 nos
1216 4352 1340 4427 tempo-

43 4454 128 4520 ribus
158 4455 328 4519 retroactis
358 4473 469 4520 omnes
491 4459 525 4520 et
545 4455 689 4538 singulas
711 4457 836 4537 beruas,
869 4457 910 4521 ad
942 4476 1076 4540 quarum
1105 4459 1338 4539 prestacionem

42 4567 108 4631 aine
131 4564 332 4631 solucionem
353 4567 447 4634 nobis
476 4567 604 4634 racione
635 4568 855 4634 coronacionis
885 4575 993 4635 nostre
1016 4588 1054 4634 ac
1076 4570 1339 4654 desponsacionis
