3068 5160
177 319 238 383 196
784 319 859 368 1405.

171 524 216 592 qui
236 524 363 576 debonis
383 523 440 576 suis
459 524 577 592 propriis
596 523 683 577 iustas
702 531 729 576 et
748 520 853 576 debitas
877 522 1006 576 collectas
1030 539 1086 577 non
1105 522 1195 577 soluit.
1231 523 1301 575 Item
1320 523 1367 592 qui
1386 537 1467 591 super

172 618 297 673 domineo
317 635 364 672 seu
383 619 603 672 communitatem
622 616 737 672 edificat.
764 619 832 672 item
850 633 900 686 pro
919 617 1024 671 insidiis
1041 610 1154 671 riarum.
1178 618 1245 671 Item
1265 633 1316 685 pro
1335 617 1467 672 baccione

173 730 221 768 seu
239 714 389 767 violacione
407 713 490 782 pacis.
508 714 575 768 Item
595 714 617 767 si
636 713 734 781 aliquis
752 720 945 767 testamentum
963 711 1059 766 viduas
1078 719 1106 765 et
1124 713 1262 781 orphanos
1275 720 1468 768 concernentes

175 810 274 863 iniuste
292 816 320 862 et
336 808 454 863 indebite
472 808 570 863 fuisset
581 817 720 863 executus.
739 810 806 862 Item
826 808 872 876 qui
889 806 1049 862 hereditatis
1062 807 1172 876 proprie
1184 822 1283 882 census
1302 808 1468 876 presbyteris

172 905 341 972 apropriauit
359 905 415 958 sine
433 920 568 958 consensu
585 905 669 972 regio.
686 905 756 957 Item
772 904 818 972 qui
830 902 975 971 sugestum,
994 911 1093 970 mutas,
1104 903 1207 956 telonia
1219 918 1269 956 seu
1281 918 1465 972 quascumque

161 999 299 1066 'nugariae
318 997 351 1051 de
369 1015 441 1052 nouo
459 999 601 1053 constituit
618 998 721 1066 absque
738 997 812 1065 regio
830 1012 974 1051 consensu.
992 997 1060 1050 item
1080 997 1104 1050 si
1122 997 1169 1064 qui
1187 998 1368 1052 commissarii
1387 1005 1467 1053 testa·

175 1101 329 1148 mentorum
348 1101 376 1149 et
394 1093 523 1162 quamdiu
546 1100 681 1148 tenentur.
717 1094 785 1148 item
803 1108 853 1161 pro
870 1091 967 1147 flaueis
985 1093 1081 1161 plagis.
1119 1093 1185 1146 Item
1205 1092 1307 1160 siquis
1326 1093 1468 1148 intestatus

175 1188 300 1243 decessit
318 1189 386 1241 item
406 1189 429 1242 si
447 1189 590 1244 consilium
615 1202 664 1242 seu
687 1186 868 1242 communitas
892 1188 971 1241 nobis
990 1188 1062 1240 ultra
1080 1186 1218 1255 predictos
1236 1189 1369 1243 articulos
1389 1205 1468 1257 super

174 1284 331 1339 excessibus
357 1284 570 1353 quibuscumque
593 1285 736 1353 inuenerit,
762 1284 814 1337 hoo
838 1282 918 1338 debet
941 1297 1003 1337 esse
1027 1283 1055 1335 in
1078 1284 1169 1351 gracia
1191 1286 1310 1338 nostra.“
1347 1283 1373 1336 V
1392 1285 1467 1337 lmine

178 1384 298 1450 pametni
325 1384 412 1435 mesta
429 1381 545 1435 Vodrian
568 1401 582 1434 a
606 1397 627 1436 r.
654 1386 720 1434 1527
739 1381 835 1435 naleza
863 1396 892 1434 se
916 1380 1000 1448 besky
1025 1380 1141 1449 pieklad
1164 1381 1259 1435 toboto
1285 1397 1417 1437 seanamu
1438 1396 1468 1433 za

178 1476 314 1544 ndpisem:
343 1477 500 1544 „Podpirnjt
516 1495 542 1529 ee
564 1485 618 1528 tato
636 1495 701 1545 mpy
719 1477 797 1527 unedo
820 1477 882 1543 ciny
899 1477 1050 1528 krdlocebi:
1085 1475 1138 1530 Pro
1158 1477 1285 1531 absistet.
1321 1476 1376 1529 Pro
1394 1475 1467 1529 salai.

174 1571 227 1623 Pro
246 1571 343 1624 lichvu.
361 1571 414 1624 Pro
432 1571 513 1625 ndsili
530 1572 640 1625 benske.
658 1571 711 1624 Pro
730 1572 815 1624 outok
834 1573 904 1625 moci
921 1587 958 1625 ua
976 1569 1057 1624 duom
1077 1570 1208 1626 druheho.
1225 1571 1278 1624 Pro
1298 1570 1385 1625 mord.
1403 1572 1467 1624 item

174 1682 223 1735 pro
242 1665 365 1734 modiiny
380 1682 438 1721 ran
454 1667 508 1719 Pro
526 1669 592 1735 rainy
605 1667 709 1735 kyjove'.
727 1666 780 1719 Pro
798 1666 868 1735 pych
887 1682 904 1720 a
921 1667 1014 1720 outislr
1032 1666 1126 1720 vraue
1141 1666 1262 1734 udininy.
1281 1665 1335 1719 Pro
1350 1665 1464 1735 napady‚

175 1760 276 1828 ktoiby
293 1761 376 1815 udiuil
394 1777 429 1815 na
447 1760 514 1814 obeo
532 1760 602 1815 aneb
622 1758 705 1829 jeden
724 1758 865 1814 druhemu.
901 1760 954 1813 Pro
974 1759 1100 1814 odvolani
1117 1777 1153 1814 na
1171 1777 1243 1830 pana
1261 1760 1468 1830 podkomoiibo.

177 1856 284 1924 Ktoirby
302 1860 385 1924 podtu
403 1857 463 1910 obci
480 1856 574 1910 utiniti
592 1856 709 1910 nemohl.
727 1855 780 1908 Pro
799 1855 1036 1924 neposluienstvie
1049 1856 1195 1909 rozktztni
1213 1856 1289 1910 krdle
1301 1856 1373 1909 JMti
1385 1857 1467 1910 anebo

174 1967 247 2020 pana
264 1950 471 2019 podkomob'ho.
489 1950 596 2020 Ktobby
613 1952 655 2004 nle
673 1950 802 2004 naklddal
821 1949 943 2004 ssoudci
961 1951 1030 2004 anab
1050 1951 1198 2020 skoniely.
1216 1951 1324 2020 Iitoiby
1342 1951 1468 2021 prontiel

173 2045 249 2099 radu.
283 2047 390 2115 Ktobby
407 2045 510 2100 ialeine
534 2046 664 2115 piisabal.
699 2047 807 2115 Ktobby
824 2046 929 2099 saleine
948 2044 1084 2100 svidomie
1104 2046 1190 2100 daval.
1225 2048 1334 2116 Ktodby
1352 2066 1367 2100 z
1387 2047 1467 2100 erebo

176 2141 271 2194 statku
288 2141 439 2194 vlastniebo
465 2141 633 2210 spravedlive
652 2159 668 2194 a
685 2142 801 2210 povinnd
825 2142 936 2208 zbierky
954 2140 1042 2194 nadal.
1078 2142 1185 2210 Ktoiby
1209 2158 1244 2195 na
1263 2143 1398 2210 panskem
1417 2142 1467 2195 neb

172 2252 207 2288 na
225 2236 353 2290 obecuem
372 2244 471 2303 gruntu
489 2237 583 2291 stavel.
619 2236 672 2290 Pro
690 2236 789 2303 dklady
810 2252 845 2289 na
862 2237 978 2290 cestacb.
1007 2237 1059 2289 Pro
1077 2236 1202 2291 zruienic
1222 2238 1307 2290 mieru
1325 2252 1342 2290 a
1360 2238 1468 2305 pokoje.

173 2331 323 2399 iestiiieby
347 2332 394 2384 isto
417 2331 517 2402 1111111,
540 2333 616 2387 itere
640 2348 670 2386 ae
694 2347 730 2385 ua
747 2330 834 2400 vdovy
855 2348 872 2385 a
896 2332 1000 2400 sirotky
1018 2333 1147 2400 vztahujr',
1171 2331 1377 2401 nespravedlive
1401 2332 1468 2385 anab

175 2427 303 2481 nesluine
320 2429 450 2495 vykouati
467 2428 546 2482 obtel.
574 2428 681 2496 Ktoiby
698 2446 713 2480 z
732 2428 815 2482 sveho
833 2428 986 2481 vlastnieho
1005 2426 1137 2482 dedictvie
1164 2428 1271 2480 kndiim
1290 2425 1335 2480 dal
1354 2427 1405 2480 bez
1424 2443 1469 2496 po·

175 2522 264 2576 volem'
287 2524 433 2577 kralovske
457 2523 566 2576 milosti.
601 2524 752 2592 Jestliieby
769 2524 840 2577 kteii
864 2524 1005 2591 porubnici
1022 2522 1141 2591 kgsaftu
1166 2521 1342 2590 dokavadiby
1360 2523 1471 2591 porinni

179 2616 240 2685 by1i‚
256 2620 426 2687 nevylrouali.
460 2619 542 2673 Jestli
563 2621 630 2687 ieby
647 2621 695 2673 kto
715 2621 764 2675 bez
783 2618 894 2687 kgiaftu
912 2619 1007 2673 umbel.
1042 2619 1124 2673 Jestli
1144 2619 1211 2686 beby
1228 2617 1296 2671 rada
1314 2618 1384 2672 aneb
1404 2619 1469 2671 obcc

176 2714 256 2768 mimo
283 2715 489 2784 piedpovbdene
518 2717 636 2769 artikule
661 2716 711 2768 neb
730 2716 885 2784 vajstupky,
909 2717 976 2784 jaki
1001 2716 1059 2768 koli
1076 2715 1197 2783 cainone,
1215 2730 1246 2767 oo
1266 2714 1372 2767 nalezla
1391 2731 1408 2768 a
1426 2731 1470 2768 ue-

177 2811 311 2864 onuamila
329 2812 399 2876 (sic),
418 2819 453 2864 to
472 2811 527 2879 by‘ti
552 2814 596 2864 rua
615 2827 649 2863 na
667 2811 743 2864 nasie
762 2811 886 2864 milosti.“
922 2811 979 2865 Srv.
998 2812 1040 2863 tei
1059 2809 1231 2877 Schlesinger
1248 2807 1400 2863 Stadtbuch
1419 2827 1471 2862 von

172 2905 247 2958 Brsrx
267 2913 314 2959 str.
334 2905 479 2974 1111111111
499 2923 527 2959 se
546 2907 563 2958 k
582 2922 604 2960 r.
624 2913 690 2960 1445
709 2907 889 2975 rypotitavaji
907 2906 1004 2959 srrohu
1026 2905 1157 2973 poloieue
1172 2905 1251 2972 kasy,
1269 2905 1346 2957 ktere
1365 2904 1472 2973 druhdp

174 3000 336 3068 podkomoii
355 3001 452 3071 soudil,
470 3018 502 3054 za
520 3003 656 3070 ntpisem:
682 3001 816 3068 „Sulliche
835 3001 1065 3068 uachgeschriben
1090 3001 1202 3054 stuecke
1222 3000 1341 3067 goboren
1360 3001 1419 3053 sich
1438 3018 1471 3053 zu

175 3111 276 3161 ruegeu
293 3113 326 3146 zu
347 3097 428 3165 Brun,
446 3113 537 3151 aenne
556 3098 599 3150 ein
617 3111 709 3150 nuewe
728 3103 771 3149 rat
788 3104 898 3164 gesaczt
915 3097 987 3161 wirt3
1006 3096 1092 3149 ‹lenne
1105 3095 1139 3149 do
1153 3095 1196 3149 die
1210 3093 1271 3149 stad
1291 3094 1353 3149 dem
1372 3097 1471 3164 konige

178 3190 332 3257 augebam,
359 3191 393 3243 do
417 3200 541 3247 mussten
563 3191 606 3246 die
632 3192 762 3259 buergerc
788 3192 901 3245 solliche
927 3192 1028 3245 sachcn
1052 3207 1153 3258 ruegen
1177 3191 1263 3244 einem
1287 3193 1469 3246 cammerere“

177 3301 193 3337 a
212 3286 250 3337 ku
268 3285 347 3338 konci
366 3285 484 3340 dokladu
499 3303 541 3341 se:
562 3287 694 3354 „Solliche
708 3286 937 3353 obengeschriben
951 3287 1047 3340 stucke
1060 3288 1205 3354 gebuerten
1218 3303 1303 3354 eynen
1322 3302 1472 3342 cammerer

175 3396 210 3433 au
228 3396 279 3433 von
296 3398 361 3449 cyna
380 3383 486 3450 konigis
499 3384 592 3452 megin,
611 3381 665 3435 und
678 3383 722 3436 die
741 3384 855 3449 burgere
876 3383 966 3436 baben
983 3382 1058 3435 nicht
1075 3382 1208 3436 darueber
1225 3399 1259 3435 zu
1278 3383 1385 3436 richten
1403 3386 1469 3438 eto.“

178 3477 212 3530 Se
232 3478 330 3531 sarchu
354 3479 515 3546 polobeuy'm
533 3478 623 3531 listeur
648 3480 689 3531 kr.
708 3480 827 3532 Vdclava
844 3478 890 3532 IV.
910 3478 1013 3532 sourisi
1034 3481 1131 3546 patrui
1155 3479 1231 3545 za'pis
1249 3493 1265 3530 v
1284 3478 1365 3531 knize
1384 3479 1470 3532 Malo·

175 3575 302 3626 stransko
327 3574 362 3626 od
387 3591 407 3628 r.
434 3581 499 3628 1403
524 3577 546 3628 d.
572 3579 621 3626 317
650 3592 685 3628 ua
711 3575 776 3628 listu
803 3581 834 3629 18
859 3592 875 3626 v
899 3574 1010 3627 archiva
1034 3590 1068 3627 m.
1094 3573 1191 3641 Prahy,
1219 3572 1289 3626 kdei
1317 3588 1348 3626 se
1379 3577 1471 3642 pravi:

178 3673 272 3736 „Anno
298 3668 398 3722 domini
423 3670 565 3723 millesimo
590 3669 855 3738 quadringentesimo
883 3677 972 3734 sexto,
997 3668 1063 3722 feria
1091 3670 1185 3736 quinta
1208 3676 1272 3737 post
1295 3669 1471 3737 epiphaniam

183 3764 282 3817 domiui
303 3771 337 3818 11.
357 3767 452 3830 imora)
468 3764 591 3818 famosus
609 3766 649 3818 vir
669 3764 793 3818 dominus
812 3764 989 3832 Laurencius,
1010 3763 1209 3816 hoffriohterius
1227 3772 1254 3817 et
1271 3764 1340 3817 ciuis
1354 3765 1470 3818 Maioris

179 3861 299 3914 ciuitatis
316 3861 470 3928 l'ragensis,
488 3875 521 3914 en
539 3859 666 3913 mandato
687 3860 798 3929 speciali
810 3859 971 3913 venerabilis
983 3859 1034 3912 riri
1046 3859 1146 3913 domini
1158 3857 1284 3926 Commi,
1303 3860 1383 3913 electi
1396 3861 1472 3913 Wer·

177 3953 268 4024 densis
287 3963 314 4008 et
333 3956 526 4009 subcamerarii
539 3957 615 4024 regni
626 3957 745 4023 Boemie‚
763 3963 790 4009 et
803 3954 838 4008 ad
850 3970 945 4023 preces
957 3955 1112 4022 juratorum
1125 3971 1156 4007 ac
1169 3956 1256 4008 tocius
1270 3955 1472 4008 communitatis

178 4048 259 4101 buius
277 4051 397 4105 ciuitatis
409 4053 608 4121 infrascriptam
622 4052 740 4104 litteram
759 4052 842 4104 inseri
855 4049 995 4104 mandauit
1006 4058 1032 4104 et
1046 4050 1166 4103 scribiin
1184 4050 1254 4102 hunc
1266 4048 1375 4117 librum,
1395 4051 1472 4103 cuius

178 4151 256 4195 tenor
275 4146 398 4212 sequitur
415 4148 442 4200 in
460 4149 510 4200 heo
528 4148 622 4201 verba:
641 4147 698 4200 Nos
718 4146 860 4200 Conradus
879 4147 981 4200 electus
1000 4144 1167 4210 Wcrdensis,
1186 4145 1261 4212 regni
1280 4145 1391 4197 Boemie
1411 4146 1473 4198 sub-

178 4241 353 4305 camerarius,
376 4251 470 4295 tenore
494 4243 664 4310 presencium
689 4242 796 4310 publica
823 4243 1042 4310 recognoscimus
1060 4239 1203 4307 uniuersis,
1230 4239 1301 4307 quod
1320 4239 1472 4308 prudentes

175 4336 224 4388 viri
237 4336 366 4402 magister
378 4338 486 4402 ciuium,
504 4338 631 4391 consules
651 4344 677 4390 et
692 4337 786 4403 jurati,
805 4337 879 4390 ciues
893 4344 1004 4403 totaque
1023 4337 1202 4389 communitas
1215 4335 1328 4388 Minoris
1349 4336 1471 4389 ciuitatis

176 4431 320 4497 Pragcnsis
345 4432 450 4498 aliquos
475 4431 508 4483 de
533 4433 646 4487 consilio
671 4442 697 4486 et
722 4432 827 4498 aliquos
853 4431 887 4484 de
911 4432 1104 4484 communitate
1122 4430 1175 4482 fide.
1195 4430 1289 4498 dignos
1309 4446 1371 4484 cum
1390 4432 1472 4500 pleno

176 4542 258 4594 posse
277 4534 304 4579 et
323 4524 450 4579 mandato
469 4526 590 4580 eiusdem
610 4528 729 4580 ciuitatis
749 4526 783 4579 ad
802 4542 852 4580 nos
872 4526 1037 4593 direxerunt,
1062 4527 1108 4593 qui
1123 4527 1201 4579 uobis
1221 4526 1328 4578 nomine
1348 4527 1470 4595 ipsorum
