3090 5370
192 369 256 432 200
805 364 880 411 rios.

191 590 226 626 an
246 571 348 638 heyden
375 578 468 637 septen
492 568 540 621 des
566 576 640 621 tores
665 567 777 635 gelegen
800 567 850 620 mit
874 572 965 635 sumpt
986 563 1048 619 dem
1071 562 1202 634 gemmus
1224 564 1287 618 obir
1305 562 1369 618 dem
1387 567 1490 621 torcin

191 667 377 735 gerugelicher
401 680 503 732 genere
529 665 660 718 besesscu
683 663 739 718 han
762 679 813 718 auc
837 662 950 730 allerley
973 661 1126 730 ansprache
1150 659 1205 714 rnd
1231 658 1418 717 hindernusse
1442 661 1491 716 rnd

191 765 239 815 uir
257 761 308 813 vno
328 762 396 814 arrch
416 760 459 815 die
478 775 595 816 umeren
618 759 708 813 haben
731 757 785 812 den
801 764 986 825 vorgcnanten
1010 757 1128 824 kleynen
1151 763 1222 810 torm
1246 755 1296 810 mit
1321 764 1415 826 sampt
1433 757 1489 819 dem

191 858 319 925 gerucche
343 857 402 909 obir
426 855 488 909 dem
511 861 571 908 tore
589 859 722 922 rormytct
739 852 793 907 rnd
811 859 932 921 vsgetan,
955 852 1005 905 uie
1024 851 1079 906 oftc
1096 866 1146 906 vus
1164 849 1215 906 das
1238 851 1309 905 eben
1327 851 1365 905 ist
1386 861 1492 920 genesi,

192 951 244 1004 und
263 968 311 1004 vrrs
330 951 379 1004 hat
396 948 513 1020 nymand
526 949 604 1004 dorin
615 949 702 1017 keyns
713 947 883 1018 gesprochen
900 947 927 1000 in
945 946 1041 1000 keiuer
1051 961 1132 1014 ueys.
1148 947 1202 1000 Mil
1212 947 1314 1000 mkunt
1326 946 1387 1001 dicz
1403 947 1492 1002 briues

191 1048 320 1115 versigelt
338 1048 387 1100 mit
398 1062 506 1100 unserm
520 1045 697 1114 angehcngen
709 1044 813 1112 insigel.
832 1043 926 1097 Geben
938 1059 972 1095 au
984 1041 1177 1096 Liebenwerde
1195 1042 1265 1096 nach
1278 1041 1367 1096 Crista
1380 1043 1491 1110 geburtc

192 1141 455 1197 virczehenhundcrt
477 1142 523 1209 jar
541 1140 660 1194 dar-nach
684 1141 712 1193 in
737 1139 797 1193 dem
822 1137 950 1193 nuenden
974 1139 1035 1206 jare
1059 1137 1108 1192 des
1134 1137 1313 1205 danerstages
1338 1138 1411 1191 noch
1435 1138 1492 1193 den

195 1248 320 1306 suntugo,
337 1238 379 1291 als
399 1253 461 1290 man
480 1237 567 1305 cinget
584 1237 695 1290 letare.“
715 1236 810 1300 (Liber
821 1233 1024 1289 vetustissimus
1042 1234 1243 1303 privilegiorum
1263 1236 1285 1287 d.
1304 1239 1357 1287 993
1377 1242 1427 1288 stu.
1447 1240 1492 1288 118

195 1351 211 1386 v
230 1333 341 1386 archiru
359 1350 393 1386 m.
413 1332 520 1400 Prahy.)

768 1618 832 1702 dis.
859 1637 930 1702 125.

536 1844 638 1913 1409.
673 1846 705 1912 7.
728 1845 854 1912 ledna.
887 1842 1020 1910 Kutnd
1041 1843 1155 1911 Hora.

198 2035 281 2098 Kru'l
303 2034 416 2099 Vdcloo
432 2033 488 2097 IV.
505 2036 647 2119 nodkuje
665 2034 873 2119 purkmiatru,
897 2034 1054 2098 koedeldm
1076 2035 1091 2095 i
1110 2037 1160 2096 υέἱ
1178 2033 1246 2097 olei
1257 2033 1387 2099 None'ho
1403 2041 1495 2100 mera

201 2148 382 2222 Praislcclro,
414 2146 475 2231 uby
496 2147 693 2231 aeplelcdrcli
721 2151 787 2220 tdm,
818 2147 899 2210 letes
929 2146 968 2231 by
989 2168 1020 2210 sc
1048 2169 1064 2208 z
1085 2147 1155 2230 jicIo
1179 2146 1310 2210 ndlezdv
1332 2172 1377 2212 rra
1397 2153 1496 2233 provo

361 2258 587 2324 Storomdateke'
605 2259 656 2323 dle
677 2261 904 2324 otaroddemclw
927 2258 1045 2344 ebydcje
1068 2260 1206 2324 odeolcti
1226 2261 1330 2328 colli.

303 2469 510 2536 Wenceslaus
548 2470 600 2535 dei
633 2471 742 2552 gracia
776 2470 991 2534 Romanorum
1026 2488 1082 2534 rex
1117 2488 1242 2552 semper
1275 2479 1435 2554 augustus
1466 2479 1497 2538 et

199 2584 329 2649 Boemie
352 2603 418 2649 reu.
442 2582 597 2664 Magistro
614 2583 742 2660 ciuium,
766 2581 961 2661 consulibus,
981 2583 1098 2666 juratis
1120 2588 1154 2649 et
1172 2585 1394 2651 communitati
1409 2585 1495 2650 Naue

200 2695 340 2761 ciuitatis
363 2695 543 2777 Pragensis,
566 2695 714 2762 fidelibus
737 2682 857 2761 nostris
879 2695 1016 2774 dilectis,
1043 2696 1183 2777 graciam
1205 2696 1328 2777 regiam
1352 2705 1385 2763 et
1407 2718 1495 2764 omne

200 2811 328 2875 bonum.
360 2807 488 2873 Fideles
511 2807 636 2873 dilectit
677 2807 841 2873 Fidelitati
864 2813 970 2874 vestre
993 2809 1114 2874 seriose
1137 2809 1332 2891 precipimus
1357 2819 1390 2877 et
1411 2832 1495 2879 man·

200 2924 322 3003 damus,
341 2926 498 3004 quatenus
517 2920 740 3004 appelaciones
756 2921 900 3003 singulas
916 2941 935 2985 a
954 2921 1126 2986 sentenciis
1141 2922 1257 2987 vestris
1272 2942 1332 3004 per
1346 2942 1495 3006 personas

201 3052 406 3119 quascunque
437 3033 477 3098 ad
509 3034 708 3099 audienciam
742 3034 887 3116 magistri
913 3034 1042 3114 ciuium,
1077 3035 1243 3100 consulum
1267 3041 1300 3099 et
1318 3038 1494 3118 juratomm

200 3147 333 3220 Maioris
355 3147 496 3213 ciuitatis
519 3151 627 3211 nostre
642 3146 824 3228 Pragensis,
847 3146 989 3212 fidelium
1004 3151 1186 3212 nostrorum
1201 3147 1404 3230 dilectorum,
1428 3150 1496 3216 hac-

200 3267 294 3326 tenus
317 3260 523 3342 interpositas
547 3278 604 3325 seu
626 3277 778 3343 processu
801 3259 955 3342 temporis
978 3260 1235 3342 interponendas,
1258 3260 1299 3325 de
1315 3267 1425 3328 cetero
1446 3283 1496 3328 ne

201 3391 361 3457 quaquam
392 3371 557 3454 impedire,
588 3372 646 3437 sed
673 3391 732 3437 nec
761 3373 891 3437 easdem
920 3391 1085 3454 personas,
1112 3374 1187 3456 jura
1208 3377 1242 3438 et
1263 3376 1496 3440 sentenciasiu

202 3487 308 3552 causis
342 3485 484 3566 ipsorum
513 3485 631 3550 virtute
664 3485 848 3550 huiusmodi
882 3485 1137 3568 appellacionum
1167 3505 1187 3550 a
1217 3486 1312 3551 dictis
1347 3489 1497 3570 magistro

202 3599 331 3679 ciuium,
355 3596 540 3663 consulibus
563 3602 597 3661 et
614 3598 730 3680 juratis
746 3598 880 3663 Maioris
904 3598 1045 3664 ciuitatis
1066 3599 1209 3682 predicte
1232 3599 1321 3663 iuxta
1336 3600 1497 3684 antiquam

202 3711 475 3791 consuetudinem,
506 3714 625 3775 statuta
654 3715 687 3775 ct
717 3710 845 3776 decreta
874 3717 1059 3794 recepturas
1087 3710 1259 3793 prohibere
1289 3713 1498 3794 quouismodo

201 3823 405 3904 presumatis,
428 3827 538 3888 nostre
562 3823 668 3905 gracie
692 3823 750 3888 sub
774 3823 915 3904 obtentu,
947 3825 1097 3906 quoniam
1126 3825 1221 3890 nimis
1245 3825 1397 3890 acerbum
1419 3826 1499 3892 arbi·

203 3914 332 4000 tranrur
346 3935 466 4001 nostris
488 3935 686 4016 temporibus
704 3936 967 4020 predecessorum
990 3941 1111 4001 statuta
1132 3937 1327 4014 decrescere,
1352 3939 1409 4020 qui
1431 3957 1501 4021 pro

203 4046 304 4112 lectus
335 4068 445 4113 eorum
476 4047 695 4113 desideramus
726 4049 856 4114 cottidie
886 4049 1063 4131 adaugere3
1096 4068 1170 4115 nam
1197 4049 1296 4113 nichil
1326 4051 1502 4116 studiosius

204 4160 328 4223 seruari
345 4162 499 4243 cupimus,
517 4180 612 4244 quam
629 4159 687 4244 [vt]
704 4166 886 4227 nostrorum
901 4167 1045 4226 vetemm
1060 4162 1206 4227 ordinata
1221 4167 1254 4227 et
1267 4162 1354 4243 quod
1369 4163 1410 4229 ab
1425 4164 1503 4228 auti·

204 4270 277 4353 quis
299 4269 460 4338 laudabile
492 4293 618 4356 semper
641 4279 691 4339 est
712 4274 866 4354 habitum,
897 4275 957 4339 sub
980 4274 1072 4339 nobis
1094 4274 1206 4357 pocius
1237 4280 1327 4355 grata
1349 4277 1505 4358 suscipiat

205 4383 411 4450 incrementa..
434 4384 583 4451 Ceterum
598 4387 756 4466 volumus,
773 4407 878 4470 ymmo
894 4387 985 4452 uobis
1002 4388 1147 4453 districte
1163 4387 1370 4469 precipiendo
1386 4389 1504 4453 virtute

204 4494 406 4577 presencium
431 4500 629 4577 mandamus,
660 4503 818 4580 quatenus
850 4518 964 4564 census
995 4501 1156 4582 quoslibet
1186 4501 1305 4566 ciuium
1336 4518 1396 4566 seu
1419 4503 1505 4567 inco·
