3090 5370
191 367 210 427 p
755 363 932 412 ors-mre.

191 570 253 632 nisi
277 571 317 632 sit
342 568 544 649 pugnandum
567 564 677 649 pro¹⁴l
710 570 822 649 patria.
869 567 902 632 Si
925 568 988 633 dux
1018 574 1069 635 est
1097 575 1186 634 extre
1211 569 1433 643 Boemiam¹⁵l
1458 572 1490 635 in

190 683 405 761 repedicione,
437 687 512 745 ωηο
541 681 659 744 debent
683 680 870 747 Theutonici
901 680 1035 762 Pragam
1065 678 1278 764 custodire¹⁶l
1310 701 1380 746 cum
1413 684 1491 747 duo·

191 796 292 857 (lecim
317 797 424 859 scutis.
470 789 572 876 De¹²>
603 793 774 858 homicidio
804 794 946 858 iudicare
974 796 1114 876 pertinet
1143 796 1183 860 ad
1212 796 1400 877 principem,
1432 815 1490 876 pro

191 927 252 988 quo
277 903 455 989 scilicet¹⁸)
480 905 651 971 homicidio
674 905 842 971 soluentur
863 907 999 987 principi
1018 908 1128 972 decem
1143 902 1318 990 talento¹⁹l
1342 907 1492 989 Retispo-

190 1021 297 1083 nensis
313 1024 440 1083 monete
456 1018 508 1083 uel
524 1019 656 1083 dexteru
677 1037 790 1083 manus
806 1018 1018 1084 interlectoris
1034 1020 1083 1083 vel
1096 1017 1138 1099 ²⁰)
1163 1020 1336 1085 secundum
1351 1022 1493 1100 greciam

190 1132 364 1197 ordinetur.
410 1130 472 1208 Qui
501 1149 611 1213 pacem
643 1132 726 1195 inter
756 1148 811 1195 eos
842 1128 982 1210 fregerit,
1015 1130 1187 1197 thlento
1216 1133 1351 1215 principi
1375 1133 1493 1203 soluat.

191 1247 245 1327 qui
268 1264 342 1309 reus
366 1251 425 1309 est.
471 1243 504 1308 Si
528 1261 656 1308 causam
678 1242 775 1307 hebet
796 1242 935 1307 Boemus
957 1263 1029 1308 cum
1050 1244 1256 1324 Theotunico‚
1287 1245 1405 1327 que²¹Jl
1429 1253 1495 1310 tes-

190 1360 276 1423 tibus
300 1352 467 1429 debeat²²l
492 1351 744 1437 conp1·obari²³)‚
767 1354 906 1420 Boemus
922 1356 1039 1421 habeat
1054 1375 1130 1439 erge
1145 1357 1376 1423 Theulonicum
1391 1358 1496 1423 Theo·

191 1472 315 1534 tooicos
346 1471 425 1533 duos
456 1474 489 1533 et
510 1488 607 1533 vnum
628 1467 793 1546 Boemum
824 1467 935 1532 fideles
967 1487 1087 1535 omnes.
1133 1468 1287 1535 Similiter
1312 1472 1340 1535 si
1364 1489 1496 1536 causam

193 1584 289 1647 habet
302 1582 516 1646 Theutonicus
539 1600 609 1646 cum
626 1581 756 1661 Boemo,
779 1586 854 1646 tunc
868 1580 1083 1648 Theutonicus
1106 1582 1222 1648 habeat
1244 1602 1322 1665 erpa
1336 1584 1497 1648 Boemum

193 1697 273 1760 duos
297 1696 433 1761 Boemos
456 1702 489 1759 et
511 1714 606 1759 vnum
629 1694 868 1773 Theutonicum,
900 1695 957 1758 sed
967 1692 1010 1777 ²⁴)
1041 1694 1162 1760 fideles.
1208 1696 1256 1760 De
1286 1696 1441 1762 Romanis
1465 1706 1498 1761 et-

194 1807 307 1873 Judeis
330 1809 488 1874 similiter.
511 1808 593 1873 Item
616 1808 644 1872 si
666 1807 804 1872 Boemus
827 1807 880 1871 uel
903 1807 1065 1872 Romanus
1095 1807 1147 1872 uel
1171 1809 1370 1891 quiscunque
1395 1811 1497 1875 incul-

194 1919 376 2003 pauerit²⁵)‚
399 1928 474 1987 tunc
490 1922 684 1988 camerarius
707 1938 849 1986 summus
864 1921 961 1986 debet
974 1922 1101 1986 mittere
1116 1921 1284 1986 nunccium
1301 1922 1341 1986 ad
1353 1922 1498 2005 judicem

194 2033 471 2113 Theotunicorum
502 2036 626 2117 etipse
653 2034 752 2116 judex
773 2033 1040 2130 Theotunicorum
1070 2033 1224 2099 iudicabit
1253 2052 1382 2099 causam
1408 2035 1499 2100 illem

195 2153 227 2210 et
250 2146 294 2211 ibi
317 2146 414 2211 nichil
438 2147 511 2228 plus
533 2147 673 2228 pertinet
695 2147 736 2211 sd
758 2147 977 2211 camerarium.
1008 2145 1050 2210 Et
1072 2147 1174 2211 eciam
1195 2147 1334 2212 concedo
1356 2146 1498 2212 Thmrto·

195 2260 285 2338 nisis,
309 2255 447 2342 quod²⁶l
470 2259 564 2324 liberi
595 2261 659 2324 sint
689 2258 729 2325 ab
760 2259 939 2340 hospitibus
970 2263 1003 2324 et
1032 2260 1211 2341 peregrinis
1241 2257 1328 2341 οβ’)
1351 2261 1498 2326 advenis

195 2372 368 2452 Noueritis
392 2372 478 2455 quod
492 2368 727 2455 Theutonicr‘)
742 2370 837 2437 liberi
852 2372 997 2436 homines
1013 2367 1145 2454 sunt²·).
1167 2371 1355 2454 Quicunque
1371 2374 1501 2439 eduens

196 2487 248 2552 uel
271 2488 389 2569 hospes
404 2486 444 2551 de
461 2504 650 2569 quacunque
672 2490 759 2550 terra
770 2486 901 2550 veniens
915 2504 988 2550 cum
998 2483 1202 2549 Theotunicis
1213 2484 1353 2549 voluerit
1366 2505 1500 2551 manere

197 2603 230 2665 in
243 2602 383 2680 ciuitate,
399 2599 505 2682 legem
518 2604 551 2664 et
561 2600 824 2664 consuetudinem
835 2597 1102 2662 Theotunicorum
1114 2597 1239 2662 habeat.
1263 2596 1397 2662 Furtum
1414 2599 1441 2662 si
1458 2598 1499 2663 ad

196 2714 426 2779 Theutonicum
450 2717 508 2790 est,
532 2712 627 2777 debet
649 2712 751 2793 excipi
773 2717 922 2793 presente
941 2712 1049 2795 judice
1071 2710 1349 2776 Tbeutonicorum.
1389 2710 1424 2776 Si
1447 2711 1499 2776 fur

196 2826 411 2890 Theutonicus
434 2832 493 2904 est,
516 2832 592 2891 tunc
606 2826 754 2908 princeps
776 2843 849 2889 eum
869 2823 1035 2909 judicabit.
1070 2822 1103 2888 Si
1126 2823 1177 2888 fur
1198 2824 1233 2888 in
1255 2828 1348 2888 nocte
1363 2826 1498 2906 capitur,

197 2938 412 3019 suspenditur.
436 2937 470 3003 Si
493 2939 527 3003 in
549 2938 601 3003 die
624 2937 757 3020 capitur,
781 2937 960 3002 excorietur
982 2937 1016 3001 in
1038 2935 1166 3018 publico
1182 2940 1215 2999 et
1228 2935 1393 3000 ciuitatem
1410 2937 1500 3001 abiu·

198 3053 297 3131 rabit;
321 3056 433 3133 postea
448 3052 477 3116 si
492 3051 625 3132 capitur,
649 3048 864 3130 suspenditur.
887 3047 1049 3130 Quidquid
1071 3047 1192 3112 faciunt
1210 3045 1410 3123 Theutonici,
1435 3068 1499 3113 ηοη

198 3166 375 3246 capiuntur,
391 3164 496 3228 necin
507 3180 666 3228 carcerem
676 3167 848 3243 ponuntur,
865 3161 893 3224 si
905 3159 1075 3225 habuerint
1085 3159 1291 3225 fideiussores
1304 3160 1356 3224 uel
1369 3160 1500 3227 domum

198 3279 370 3359 propriam.
392 3276 430 3341 In
453 3293 642 3358 quecunque
664 3291 699 3337 re
722 3271 898 3354 culpabiles
920 3275 1016 3337 emnt
1037 3271 1089 3336 uel
1113 3272 1160 3336 rei
1176 3270 1375 3347 Tbeutonioi,
1400 3272 1500 3339 nichil

198 3391 327 3473 dampni
339 3388 392 3454 uel
408 3387 599 3454 verecundie
614 3382 827 3470 pacientur20)
848 3403 959 3449 eorum
981 3385 1072 3465 pueri
1087 3391 1120 3448 et
1134 3402 1259 3450 exores.
1283 3383 1316 3449 Si
1340 3403 1398 3466 per
1413 3387 1500 3451 vicos

197 3504 466 3570 Theutonicomm
487 3500 605 3583 uliquis
628 3501 690 3565 iret
700 3495 742 3581 ³¹)
766 3499 799 3563 in
822 3503 915 3562 nocte
938 3502 970 3562 et
992 3496 1093 3563 facem
1115 3515 1179 3562 non
1209 3496 1367 3573 habuerit,
1393 3500 1420 3563 si
1443 3498 1500 3563 ille

200 3618 355 3683 occiditur
363 3610 418 3698 ⁸¹),
440 3612 627 3679 Theutonici
654 3606 772 3693 sint¹³)
800 3608 1020 3690 inculpabiles.
1066 3607 1099 3673 Si
1129 3606 1264 3692 falsa¹⁴l
1290 3616 1422 3675 moneta
1446 3612 1498 3675 uel

199 3723 331 3807 lerm⁸⁸)
353 3727 483 3792 inventa
504 3719 675 3806 fuerint⁸⁶l
699 3724 733 3789 in
755 3723 835 3788 cista
855 3721 1053 3801 lheutonici,
1076 3739 1151 3786 reus
1174 3726 1224 3786 est
1246 3721 1312 3799 ille,
1337 3725 1428 3788 cuius
1452 3731 1501 3789 est

199 3841 290 3905 ciete.
313 3835 347 3902 Si
362 3856 437 3904 vero
453 3838 487 3903 in
501 3839 591 3903 curia
604 3837 657 3902 uel
673 3837 708 3901 in
722 3836 816 3900 domo
831 3831 1094 3913 inveniuntur⁸⁷),
1113 3834 1317 3917 inculpabilis
1333 3840 1393 3915 est,
1410 3839 1499 3902 cuius

200 3951 313 4015 domus
336 3957 386 4016 est
407 3950 461 4016 uel
484 3952 581 4030 curia,
604 3953 735 4033 propter
757 3949 884 4031 iniquos
908 3954 941 4013 et
961 3943 1184 4028 melign0s⁸⁸)‚
1216 3932 1271 4029 qui
1294 3947 1373 4012 talio
1396 3949 1501 4014 solent

200 4064 343 4144 proicere
354 4066 387 4130 in
402 4065 514 4129 domos
529 4063 581 4128 uel
594 4064 736 4129 incuria.
760 4060 794 4127 Si
809 4060 947 4126 surtinus
963 4055 1111 4142 equusu)
1127 4060 1212 4141 apud
1222 4059 1499 4131 Theutonicum⁴⁰l

200 4173 298 4239 fuerit
318 4177 511 4259 recognitus,
534 4174 654 4257 ille⁴¹)‚
686 4176 741 4257 qui
771 4193 889 4255 equum
919 4167 1145 4256 cognoscit⁴²)‚
1176 4173 1264 4255 prius
1287 4173 1408 4239 iurabit
1434 4193 1500 4238 rem

202 4285 399 4372 amisisse⁴¹)
430 4288 565 4369 furtiue3
596 4293 708 4371 posteo
736 4286 950 4352 Theutonicus
981 4286 1100 4351 iurabit
1109 4283 1164 4369 ⁴⁴),
1195 4290 1284 4351 etens
1311 4287 1346 4351 in
1376 4286 1497 4352 circulo

202 4398 285 4465 iacto
307 4420 379 4466 cum
402 4401 507 4484 gladio
530 4403 563 4466 in
585 4406 681 4482 terro,
706 4418 740 4465 se
763 4419 826 4466 ηοη
848 4397 1041 4482 furetum⁴⁵)
1065 4397 1191 4473 esse⁴⁶l
1214 4417 1332 4482 equum
1355 4400 1409 4464 uel
1435 4419 1500 4464 rem

202 4512 301 4593 illam,
325 4513 383 4577 sed
398 4515 514 4579 emisse
530 4519 565 4579 et
578 4532 613 4579 se
624 4514 667 4596 ⁴²)
691 4531 756 4578 non
770 4530 961 4595 cognoscere
984 4512 1074 4576 illum
1091 4511 1288 4576 venditorem
1302 4513 1357 4576 uel
1373 4512 1500 4577 domum
