3090 5370
820 350 894 397 1459.

751 553 767 588 *
791 533 856 618 bis.
881 551 954 618 155.

576 724 680 792 1459.
714 725 747 793 2.
771 725 965 793 dervense.
1000 722 1134 792 Praha.

207 917 290 980 Kra‘l
311 916 380 981 dira
402 915 487 991 cido,
512 914 624 978 baala
645 918 781 977 acidane
799 913 930 977 Stordbo
951 917 1048 977 meato
1069 912 1245 978 Praebete
1275 940 1320 980 na
1342 920 1398 980 aue‘
1415 917 1496 1000 donzy

205 1034 293 1093 rodni
309 1030 404 1114 platy
425 1052 447 1091 a
468 1029 569 1114 droky
590 1052 625 1091 cc
648 1027 773 1112 edepol
802 1029 927 1091 suamab
957 1028 1112 1104 uoodivde,
1145 1029 1186 1093 do
1208 1028 1397 1093 aluieboosti
1415 1030 1496 1092 aad

206 1142 276 1217 lidi,
307 1143 388 1206 latet
410 1143 470 1205 ani
489 1144 627 1226 me'dlany
655 1143 773 1225 acjaoa,
808 1140 946 1226 capraduji
967 1163 989 1204 a
1010 1141 1189 1206 adalcdlcom
1218 1142 1288 1206 tolio
1311 1144 1384 1227 jiab
1416 1142 1496 1226 dom

202 1264 350 1337 posthoc,
381 1253 497 1337 rodiny
527 1252 670 1315 cbrcdoou
691 1275 712 1314 a
735 1256 827 1317 mato
857 1257 940 1337 opido
969 1253 1117 1319 komorou
1145 1256 1268 1339 kupcdo
1290 1278 1313 1317 o
1335 1255 1494 1328 lauaem,

205 1366 289 1428 cicili
307 1366 418 1429 sidiam
441 1365 638 1449 kadlocaloy'oa
659 1387 691 1426 ae
712 1369 811 1440 sidoa‘,
835 1369 941 1429 aaimd
960 1367 1088 1451 bischop
1103 1364 1200 1452 placy
1221 1390 1237 1430 z
1259 1368 1376 1431 dornale
1394 1391 1416 1432 a
1429 1370 1495 1432 mcci

206 1479 395 1541 krdiomkou
416 1482 453 1563 je
474 1501 492 1540 υ
516 1480 565 1541 nic
589 1476 742 1562 obracoje,
775 1479 939 1561 poadvadi
957 1478 1007 1542 bez
1028 1479 1147 1543 scolam
1168 1479 1282 1544 hadda
1304 1503 1325 1543 a
1346 1482 1437 1566 proti
1453 1483 1495 1542 zd-

206 1592 320 1653 ico-arim
342 1613 374 1653 ae
395 1590 496 1675 atoly;
519 1614 540 1653 a
564 1594 695 1654 coronari
711 1590 899 1676 probladnjc
924 1593 1053 1677 vdedsny
1073 1593 1182 1677 zdpiay
1204 1615 1241 1656 za
1262 1592 1420 1676 capiatne
1440 1592 1492 1655 lca-
1533 1634 1535 1690 3

204 1705 288 1787 ry'mi
319 1726 363 1767 aa
396 1703 465 1768 obeo
497 1702 595 1787 dlahy
624 1702 795 1787 avdky'mc'
825 1703 926 1788 alroky
954 1727 976 1766 a
1005 1704 1153 1768 lichcami
1182 1702 1233 1767 boz
1264 1705 1385 1770 achai
1416 1703 1492 1770 arob

564 1839 583 1878 a
606 1817 708 1879 doaech
731 1816 888 1899 miculy'cb
910 1817 1044 1902 cocleam
1066 1816 1146 1903 bply.

311 2015 469 2097 Georgius
501 2016 553 2080 dei
584 2017 692 2097 gracia
720 2016 875 2082 Bohemie
905 2035 978 2096 rex,
1013 2016 1158 2083 Morauie
1188 2015 1342 2097 marchio,
1373 2019 1493 2083 Lucem·

207 2129 374 2209 burgensis
408 2133 440 2192 et
472 2126 575 2193 Siesie
609 2129 673 2193 dux
706 2147 743 2193 ac
776 2128 912 2193 Lusacie
946 2128 1098 2194 marchio.
1149 2130 1201 2194 hd
1235 2137 1424 2213 perpetuam
1453 2128 1493 2194 rei

207 2243 403 2307 memoriam.
437 2240 625 2335 Quanquam
647 2240 878 2321 uniuersorum,
902 2260 964 2324 que
987 2241 1133 2306 dominus
1156 2247 1265 2307 nostre
1288 2243 1408 2309 dicioni
1430 2241 1494 2308 sub

208 2354 292 2434 iecit,
316 2373 393 2419 cura
414 2353 550 2436 pervigil
573 2353 666 2418 nobis
690 2353 740 2431 sit,
764 2358 798 2416 vt
820 2371 931 2417 eorum
953 2353 1034 2434 paci,
1056 2351 1184 2419 fortune
1199 2354 1434 2438 multiplicique
1454 2355 1494 2418 in·

207 2471 367 2531 cremento
399 2464 617 2546 consulamus,
656 2465 792 2546 primam
832 2470 938 2530 tamen
973 2471 1006 2530 et
1036 2466 1128 2547 quasi
1158 2465 1357 2549 peculiarem
1390 2468 1494 2534 dilecte

207 2579 299 2643 nohis
321 2577 455 2643 Maioris
479 2577 619 2643 ciuitatis
642 2576 813 2658 Pragensis
836 2595 954 2655 curam,
978 2576 1192 2659 diligenciam,
1216 2598 1344 2646 omnem
1367 2581 1495 2662 denique

207 2691 442 2756 solicitudinem
467 2689 585 2755 habere
608 2690 678 2754 eius
700 2689 897 2771 primeuitas
930 2690 1145 2774 decoratque
1169 2710 1285 2758 corone
1309 2694 1403 2759 sedes
1426 2690 1495 2758 satis

208 2804 358 2869 admonet
380 2803 597 2886 stimulatque.
640 2800 861 2883 Cogitantibus
885 2802 983 2883 igitur
1005 2803 1107 2883 nobis,
1139 2803 1217 2886 quid
1243 2804 1494 2883 reformacionib

207 2934 330 2999 suoque
362 2914 549 2981 felicissimo
582 2916 680 2980 statui
714 2915 841 2994 deceat,
876 2913 989 2994 liceat,
1023 2915 1141 2997 quidue
1171 2897 1334 2998 expediat,
1368 2917 1497 2983 occurrit

206 3047 224 3092 e
253 3028 391 3110 uestigio
423 3046 474 3093 res
506 3028 642 3111 quedam
673 3027 836 3106 damnosa,
867 3026 1007 3092 ciuitatis
1037 3027 1285 3109 pulchritudinis
1309 3029 1497 3095 eonsumtrin

205 3139 344 3221 pessima
366 3144 399 3206 et
420 3141 505 3222 ignis
521 3146 665 3222 egestate
682 3141 769 3205 ciues
785 3140 893 3204 voraci
913 3140 1083 3205 admodum
1106 3159 1306 3222 consumens,
1330 3144 1388 3225 qui
1410 3142 1498 3223 longa

205 3251 423 3332 superioribus
445 3253 537 3318 annis
560 3253 594 3318 in
616 3253 778 3318 ciuitatem
800 3251 1030 3334 Progensem²)
1055 3260 1168 3318 cuncta
1183 3253 1302 3333 ciuilia,
1325 3255 1391 3320 nisi
1413 3273 1498 3320 occu·

205 3361 340 3447 rratur')
365 3364 511 3445 celerius,
535 3365 569 3430 in
591 3364 735 3430 fauillam
751 3365 917 3430 seruitutis
933 3366 1119 3431 etcinerem
1135 3367 1287 3448 egestatis
1303 3367 1498 3433 resoluturus

204 3477 340 3557 exarsit3
365 3495 479 3542 census
501 3477 652 3542 videlicet
667 3476 767 3542 ediles
778 3474 804 3556 ⁴)
829 3496 887 3542 seu
910 3477 1085 3559 domorum,
1109 3498 1171 3561 quo
1188 3478 1325 3561 quisque
1339 3481 1498 3546 conciuem

204 3610 297 3656 suum
319 3589 465 3655 laborare
488 3591 599 3654 videns
622 3591 783 3672 pauperie,
807 3609 913 3655 emere
936 3609 1050 3655 census
1073 3591 1107 3655 in
1129 3590 1276 3656 domibus
1303 3591 1361 3657 abs
1384 3593 1498 3674 pudore

203 3708 236 3768 et
258 3703 377 3767 liberas
399 3722 437 3768 ac
459 3702 583 3767 nobiles
607 3708 782 3767 structuras
805 3703 954 3767 seruituti
977 3721 1081 3768 annue
1104 3707 1137 3768 et
1158 3702 1333 3785 ignominie
1348 3712 1498 3788 perpetuo

205 3817 362 3882 subiicere
385 3815 532 3895 audebat,
556 3819 592 3877 ut
614 3833 677 3879 non
701 3815 744 3880 sit
765 3834 848 3897 pene
864 3815 977 3879 domus
1000 3816 1148 3880 censibus
1171 3816 1267 3880 huius
1289 3822 1323 3881 et
1345 3816 1499 3898 grauami·

204 3929 297 3993 nibus
320 3946 414 3993 exors
444 3934 477 3993 et
507 3927 668 4006 immunis,
699 3927 797 4009 fitque
826 3928 948 3992 racioni
972 3929 1175 4007 contrarium,
1204 3933 1247 4008 ut,
1271 3931 1401 3994 tametsi
1424 3929 1500 3995 ciuis

204 4057 267 4104 non
282 4041 333 4119 ait,
351 4040 379 4104 si
396 4040 523 4105 diuiciis
540 4039 658 4119 affluat,
674 4040 841 4122 empcione
857 4059 1010 4105 censuum
1025 4040 1137 4106 talium
1154 4040 1294 4107 nobilem
1310 4041 1502 4124 Pragensem

206 4149 309 4214 ciuem
332 4151 504 4218 exheredet
526 4160 559 4217 et
580 4171 651 4217 sese
675 4155 778 4218 ciuem
801 4173 865 4232 ere,
897 4172 960 4217 non
983 4152 1055 4234 lege
1079 4154 1259 4217 constituat
1306 4152 1391 4220 Hinc
1413 4154 1502 4220 fami-

205 4257 320 4325 liarum
349 4266 480 4330 nociuas
511 4266 759 4344 destrucciones
791 4265 865 4329 hinc
894 4267 1059 4331 domorum
1091 4265 1311 4331 desolaciones
1338 4272 1373 4331 et
1395 4267 1503 4331 ruinas

206 4376 239 4434 et
261 4372 400 4438 ciuitatis
424 4376 539 4442 damna
561 4377 753 4459 grauissima
775 4376 851 4440 oriri
874 4394 1007 4442 necesse
1030 4382 1088 4456 est,
1113 4378 1188 4442 dum
1211 4384 1383 4444 extraneus
1407 4399 1503 4445 censu

206 4482 309 4548 ciuem
331 4486 417 4563 emit,
440 4488 567 4553 domurn
583 4509 646 4555 non
662 4489 778 4570 hospes
801 4490 952 4570 possidet,
977 4490 1094 4571 hospes
1117 4491 1202 4572 apud
1222 4491 1380 4556 aduenam
1401 4493 1506 4576 inqui·
