3068 5160
679 379 753 428 ram.
1346 381 1365 444 q

46 582 231 647 medicine.
255 583 337 647 item
353 583 381 647 si
397 580 576 648 Cristianus
593 583 731 651 Judeum
748 585 909 664 occiderit,
926 585 1022 665 digno
1035 584 1156 667 judicio
1167 581 1193 667 ²)
1214 587 1367 667 puniatur

46 704 86 761 et
111 698 225 762 omnia
247 697 296 761 rei
311 696 443 762 mobilia
465 704 499 762 et
521 698 698 765 immobilia
712 700 746 764 in
760 699 847 782 regis
863 701 933 764 siue
956 698 1047 766 ducis
1070 705 1236 766 transeant
1258 706 1366 783 potes-

47 819 171 877 tatem.
195 812 288 876 Itemi
300 812 328 876 si
337 810 363 894 ³)
376 810 555 877 Cristianus
567 811 588 876 J
589 812 705 878 udeum
721 813 881 892 ceciderit,
898 813 944 878 ita
954 818 1061 878 tamen
1077 813 1162 895 quod
1179 815 1365 895 sanguinem

48 944 123 989 non
142 923 293 1004 effundat,
310 925 415 990 soluat
437 925 505 1007 regi
529 925 582 989 uel
605 925 679 990 duci
695 929 831 1008 quatuor
852 942 975 990 marcas
998 926 1069 990 auri
1079 921 1117 1008 ⁴),
1141 943 1292 1007 percusso
1308 943 1365 990 seu

50 1037 129 1102 leso
155 1044 292 1119 quatuor
305 1056 429 1102 marcas
452 1038 586 1120 argenti.
609 1036 643 1102 Si
667 1055 744 1103 uero
768 1038 935 1121 pecuniam
950 1037 1069 1106 habere
1084 1056 1148 1104 non
1163 1039 1291 1120 poterit,
1307 1056 1366 1119 per

53 1150 344 1216 detruncacionem
358 1169 472 1217 manus
488 1150 665 1216 satisfaciat
678 1168 736 1233 pro
751 1151 931 1216 commisso.
952 1151 1035 1216 Item
1050 1142 1231 1233 ubicunque
1241 1149 1263 1214 J
1264 1152 1366 1216 udens
1426 1227 1428 1232 Α

53 1263 240 1328 dominium
270 1269 414 1328 nostrum
444 1263 618 1343 transierit,
653 1263 761 1328 nullus
793 1264 823 1328 ei
853 1262 984 1345 aliquod
1013 1263 1275 1345 impedimentum
1311 1281 1366 1345 pa-

53 1376 168 1455 trabit,
199 1395 258 1441 nec
281 1376 462 1442 molestiam
485 1375 610 1456 inseret,
640 1395 699 1442 nec
721 1394 905 1457 grauamen.
950 1372 1014 1441 Sed
1036 1374 1064 1439 si
1087 1374 1213 1457 aliquas
1243 1394 1366 1442 meroes

56 1495 117 1553 aut
148 1490 230 1555 alias
262 1507 314 1553 res
338 1488 474 1567 duxerit,
506 1488 546 1553 de
570 1489 686 1570 quibus
709 1494 798 1554 muta
827 1488 943 1554 debeat
968 1487 1150 1569 prouenire,
1180 1489 1367 1569 peremnia

57 1608 221 1666 mutarum
237 1596 262 1682 ⁵)
286 1601 356 1668 loca
377 1621 442 1668 non
465 1602 528 1668 nisi
552 1601 692 1667 debitam
714 1600 821 1666 soluat
843 1604 972 1679 mutam,
996 1617 1092 1681 quam
1121 1598 1264 1665 solueret
1285 1617 1366 1663 vnus

60 1715 180 1779 ciuium
211 1715 352 1780 ciuitatis
384 1715 483 1793 illins,
507 1715 540 1780 in
563 1734 627 1797 qua
648 1713 772 1779 Jndeus
801 1732 840 1778 eo
863 1718 1006 1794 ternpore
1028 1717 1250 1777 commoratur.
1285 1711 1365 1776 Item

61 1829 88 1892 si
112 1827 211 1892 Judei
240 1829 328 1894 iuxta
350 1847 441 1893 suam
471 1828 734 1894 consuetudinem
758 1826 898 1908 aliquem
921 1844 960 1890 ex
981 1825 1117 1890 mortuis
1139 1825 1219 1904 auis,
1247 1830 1304 1890 aut
1325 1824 1365 1889 de

65 1941 191 2005 ciuitate
222 1941 264 2004 ad
291 1941 464 2018 ciuitatem,
499 1944 555 2004 aut
584 1939 623 2004 de
654 1939 818 2021 provincia
847 1937 888 2003 ad
917 1937 1122 2020 provinciam,
1152 1943 1208 2003 aut
1237 1938 1277 2002 de
1304 1956 1366 2003 vna

67 2057 146 2117 terra
168 2053 210 2117 ad
234 2052 329 2118 aliam
354 2053 553 2132 deduxerint,
577 2051 675 2117 nichil
699 2051 738 2116 ab
754 2051 803 2116 eis
817 2069 875 2132 per
889 2050 1044 2115 mutarios
1066 2053 1193 2115 nostros
1216 2049 1365 2116 uolumus

70 2166 254 2248 extorqueri,
279 2167 307 2231 si
330 2171 438 2231 autern
460 2165 616 2230 matarius
640 2163 763 2246 aliquid
795 2162 975 2242 extorserit,
999 2168 1033 2227 vt
1054 2163 1164 2245 predo,
1187 2163 1243 2244 qui
1266 2162 1364 2243 wlga-

11 2354 14 2358 Α
72 2277 138 2342 riter
160 2278 280 2344 rouber
302 2278 428 2357 elicitur,
459 2278 621 2360 puniatur.
666 2277 747 2342 Item
770 2276 798 2341 ai
822 2274 1000 2340 Cristianus
1032 2276 1223 2342 cimiterium
1254 2293 1364 2339 eorum

10 2376 13 2380 ¹
75 2408 261 2474 quacumque
283 2392 464 2457 temeritate
487 2389 695 2472 dlasipauerit
716 2394 772 2454 aut
794 2389 959 2468 inuaserIt,
983 2388 1017 2452 in
1040 2387 1141 2452 forma
1160 2386 1274 2470 judicii
1297 2407 1364 2451 rno-

10 2565 16 2581 ,
76 2502 161 2570 riatur
183 2511 217 2569 et
239 2505 347 2569 omnia
376 2522 435 2569 sua
463 2503 655 2585 proueniant
683 2502 769 2583 regis
800 2521 924 2568 camere
947 2503 1017 2567 siue
1040 2500 1140 2580 ducis,
1164 2516 1364 2581 quocumque

10 2588 14 2604 ι
79 2619 188 2683 romine
212 2621 445 2699 nuncupentur.
468 2616 550 2680 Item
573 2615 601 2679 si
624 2614 742 2696 aliquis
764 2615 935 2680 temerarie
958 2614 1126 2679 iactauerit
1148 2630 1244 2694 super
1259 2611 1364 2676 scolas

12 2804 14 2809 s
78 2722 246 2806 iudeorum,
268 2730 368 2811 judici
391 2726 568 2794 iudeorum
600 2727 632 2792 Π
655 2727 776 2792 talenta
799 2728 945 2792 volumus
968 2733 1004 2791 ut
1026 2725 1199 2808 persoluat.
1232 2725 1313 2790 Item
1336 2726 1362 2789 si

11 2914 13 2918 y
79 2834 182 2906 luleus
209 2842 310 2924 jndici
335 2859 392 2905 suo
417 2841 449 2904 in
474 2859 556 2921 pena
583 2840 775 2921 pecuniaria,
808 2858 870 2921 que
901 2838 1023 2903 arandel
1053 2839 1180 2917 dicitur,
1211 2856 1285 2903 reus
1317 2839 1364 2904 in-

80 2961 176 3018 uentus
208 2953 313 3032 tuerit,
347 2953 495 3019 nonnisi
519 2951 581 3016 XII
604 2950 753 3017 denarios
784 2952 891 3015 soluat
913 2951 953 3016 ei.
998 2951 1080 3016 Item
1103 2953 1130 3016 si
1153 2951 1276 3017 Judeus
1307 2973 1366 3034 per

10 3047 15 3126 Α,
78 3064 199 3133 edietum
223 3068 272 3132 sui
293 3067 411 3149 judicis
434 3071 565 3130 vocatus
582 3064 621 3128 ad
641 3065 806 3146 judicium,
831 3065 933 3146 primo
949 3069 983 3128 et
997 3065 1137 3129 secundo
1161 3084 1224 3130 non
1241 3066 1365 3130 venerit

76 3192 119 3254 pro
138 3187 273 3261 utraque
289 3180 367 3258 vice,
388 3178 489 3261 judici
504 3181 641 3260 quatuor
656 3177 805 3243 denarios
828 3177 942 3257 soluet,
967 3178 994 3242 si
1018 3177 1058 3242 ad
1073 3177 1209 3243 tercium
1225 3178 1364 3242 edictum

75 3305 123 3359 non
147 3292 282 3370 venerit,
313 3291 418 3356 soluat
447 3288 583 3354 XXXVI
606 3289 754 3355 denarios
782 3290 882 3373 judici
913 3293 1098 3355 memorata.
1144 3289 1226 3355 Item
1250 3291 1279 3355 si
1307 3288 1365 3353 Ju-

73 3401 138 3469 deus
162 3404 303 3470 Judeum
334 3403 547 3482 wlnerauerit,
571 3421 629 3467 suo
649 3403 751 3485 judici
782 3404 815 3467 in
837 3421 960 3483 penam,
992 3422 1054 3485 que
1085 3403 1207 3468 wandel
1237 3403 1363 3478 dicitur,

70 3514 94 3580 ll
114 3519 238 3583 talenta
261 3518 388 3582 soluere
411 3535 474 3581 non
497 3522 633 3580 recuset.
672 3513 752 3579 Item
776 3516 955 3595 statuimus,
981 3521 1016 3579 nt
1037 3515 1146 3580 nullus
1169 3516 1253 3580 iuret
1267 3532 1365 3592 super

67 3631 173 3710 rodeli,
197 3635 402 3711 preterquam
425 3628 465 3693 ad
488 3634 629 3694 nostram
652 3629 850 3709 presenciam
878 3632 1039 3693 euocatus.
1085 3627 1167 3692 Item
1190 3627 1218 3692 si
1241 3624 1364 3689 Judeus

65 3743 140 3808 elam
164 3742 263 3807 fuerit
295 3743 514 3823 interemptus,
546 3747 580 3805 vt
601 3759 659 3823 per
687 3739 905 3805 testimonium
936 3739 1108 3805 contestari
1120 3737 1145 3820 ⁶)
1168 3758 1233 3803 non
1263 3737 1365 3817 possit

61 3857 170 3921 amicis
186 3856 265 3932 suis,
283 3855 337 3936 qui
354 3873 427 3918 eum
443 3854 615 3933 interemit,
632 3854 660 3918 si
675 3858 749 3934 post
764 3852 1008 3933 inquisicionem
1024 3850 1140 3916 factam
1155 3848 1295 3930 aliquem
1311 3867 1364 3913 sn·

58 3974 200 4049 spectum
217 3966 335 4031 habere
350 3963 511 4049 ceperit'),
527 3983 585 4030 nos
597 3962 711 4029 Juelaia
728 3969 838 4030 contra
859 3968 1043 4045 suspectum
1058 3961 1200 4045 pugilem
1215 3961 1363 4026 uolumus

57 4080 219 4145 exhibere.
262 4078 342 4144 Item
365 4081 393 4144 si
417 4077 569 4143 Cristiani
592 4078 688 4142 alicui
712 4075 815 4141 Judee
837 4094 966 4140 manum
988 4073 1158 4140 iniecerint
1178 4072 1361 4152 violentam

56 4210 170 4257 manus
205 4190 335 4256 illorum
369 4189 515 4255 volumus
550 4189 741 4255 detruncari.
787 4190 869 4254 Item
898 4189 997 4271 judex
1029 4184 1206 4250 Judeomm
1242 4185 1362 4250 nullam
1447 4231 1450 4234 <

55 4323 186 4369 causam
217 4309 320 4368 ortam
350 4305 435 4368 inter
457 4301 578 4368 Judeos
602 4304 635 4367 in
664 4304 821 4385 judicium
853 4302 997 4378 (leducat,
1030 4300 1093 4365 nisi
1123 4318 1181 4383 per
1203 4299 1363 4381 querimo-

55 4420 141 4482 niam
165 4415 264 4482 fnerit
296 4417 460 4482 inuitatus.
506 4415 586 4480 ltem
611 4417 638 4480 si
662 4435 680 4480 a
703 4414 807 4480 ludeo
831 4414 1010 4480 Cristianus
1040 4414 1156 4495 pignus
1186 4429 1279 4476 suum
1310 4412 1364 4476 ab·

53 4530 201 4607 soluerit,
238 4530 284 4593 ita
318 4529 403 4610 quod
434 4545 546 4592 usuras
581 4545 644 4591 non
678 4526 880 4607 persoluerit,
916 4525 1045 4590 easdem
1078 4543 1190 4590 usuras
1222 4525 1249 4588 si
1281 4524 1363 4587 inira
