3090 5370
207 371 270 434 724
818 364 894 414 naar.

206 579 341 662 predicti
372 595 426 640 sex
453 575 553 657 jurati
583 569 668 651 ου’)
697 571 752 636 alii
783 570 924 635 ciuitatis
955 570 987 634 iu
1011 570 1264 637 determinandis
1297 584 1329 638 et
1360 578 1516 641 sentenci-

207 690 351 761 andis⁴²t
376 685 597 769 questionibus
619 684 813 749 dissencient
835 689 867 747 et
883 680 969 757 in⁴⁸l
992 684 1135 752 eiusdem
1158 703 1221 748 non
1242 688 1395 766 poterint
1406 685 1452 757 ⁴⁸)
1473 691 1516 754 rel

206 804 365 867 noluerint
378 793 584 869 sentencie⁵⁰l
598 798 839 862 consonantiam
855 795 1084 877 conuenit-eb),
1096 798 1136 862 ad
1148 815 1216 875 noc,
1230 800 1313 880 quid
1327 819 1516 886 unaqueque

210 934 284 999 pars
307 907 492 992 senciat⁵²),
522 909 684 975 deleretur
707 916 740 975 et
762 911 852 974 cuius
875 910 977 992 partis
1011 909 1282 975 deliberacionem
1310 914 1517 981 collandnoe

208 1029 307 1092 rimus
322 1025 381 1101 δ’),
415 1025 504 1088 iuxta
534 1024 636 1105 ipsius
676 1023 871 1087 sentenciam
900 1020 1027 1088 finalem
1058 1041 1153 1088 causa
1186 1026 1313 1089 exitum
1350 1029 1513 1093 soreietur.

208 1138 385 1203 Statuimus
415 1137 515 1200 eciam
545 1140 577 1201 et
607 1136 767 1211 sancimus
779 1132 829 1216 ⁵⁴¹),
860 1134 998 1218 quod⁵⁵l
1028 1135 1134 1200 nullus
1161 1138 1244 1201 ciuis
1275 1139 1430 1221 aliquem
1451 1160 1515 1223 pro

209 1252 365 1331 seriptum
386 1254 443 1312 aut
465 1247 626 1319 famulum,
658 1249 713 1328 qui
743 1250 901 1330 muutleyt
922 1242 1147 1329 vulgariter³⁶l
1171 1248 1293 1312 dicitur
1306 1247 1365 1329 ⁵⁷).
1401 1256 1434 1319 in
1455 1256 1514 1336 ipen

208 1364 340 1428 ciuitate
362 1361 513 1441 Prageuai
539 1359 648 1425 fouere
670 1361 788 1426 audeat
817 1360 869 1425 uel
891 1366 1010 1436 tenere,
1034 1366 1068 1424 et
1089 1360 1174 1441 qnod
1197 1379 1295 1425 enses
1310 1361 1368 1431 ⁵⁸).
1403 1366 1514 1447 [abdier

209 1475 358 1538 fixurales
392 1479 513 1552 acutos,
548 1474 686 1549 lanceas,
721 1474 837 1539 loricas
859 1472 976 1538 atalia
1006 1474 1237 1554 cuiuscumque
1268 1480 1410 1553 generis
1438 1499 1514 1545 arm

210 1586 316 1650 nullus
340 1587 420 1651 ciuis
443 1587 496 1650 uel
507 1584 549 1657 δ’)
579 1585 717 1651 famulus
743 1585 796 1650 die
820 1586 870 1649 nel
892 1590 985 1649 noete
1016 1584 1099 1650 ferre
1121 1585 1241 1649 audeat
1264 1588 1320 1652 rel
1348 1604 1513 1671 presumat

210 1699 244 1765 Si
267 1701 340 1781 quis
363 1718 440 1764 nero
463 1718 502 1762 cx
525 1699 650 1764 ciuibus
680 1699 733 1764 trel
756 1699 858 1763 seruis
881 1699 1022 1778 ipsorum
1052 1698 1084 1761 in
1106 1698 1264 1778 predictis
1287 1704 1446 1770 alticulis
1471 1705 1514 1769 nel

208 1810 423 1893 predictorum
455 1810 562 1894 aliquo
596 1812 772 1877 secundum
808 1812 860 1876 ius
897 1812 1038 1876 caritatis
1067 1809 1258 1891 probabitur
1297 1833 1380 1879 esse
1418 1818 1514 1899 culpa

208 1924 299 2000 bilis;
331 1924 440 1988 decem
462 1923 584 1987 talenta
596 1920 638 2003 ⁶⁰)
669 1924 871 1988 denariorum
893 1922 993 1999 uobis,
1014 1923 1116 2006 judici
1137 1921 1306 1999 autem⁶'t
1341 1940 1378 1993 et
1401 1931 1511 1996 ciuinn'

209 2037 350 2119 quinque
372 2044 505 2118 cogatur
528 2037 622 2118 culpa
649 2035 775 2101 soluere
797 2053 855 2117 pro
878 2034 998 2100 eadem.
1042 2034 1076 2099 Si
1099 2035 1240 2100 secundo
1253 2035 1299 2115 ⁶²)
1332 2042 1513 2122 probabitur

209 2168 280 2215 esse
304 2149 482 2230 culpabilia,
514 2150 627 2229 uiginti
649 2149 771 2214 talenta
801 2148 1001 2212 (lanariorum
1032 2146 1132 2227 nobis,
1162 2147 1264 2213 iudici
1290 2151 1456 2219 autem⁸¹r
1478 2166 1505 2217 et

209 2264 333 2328 ciuitati
356 2260 520 2342 ‹lecem⁸¹)
543 2262 670 2327 soluere
692 2260 908 2343 compellatur.
932 2259 966 2324 Si
985 2261 1094 2337 tercio,
1118 2261 1150 2325 in
1172 2261 1312 2342 triginta
1340 2261 1508 2332 talentis“i

211 2374 311 2453 uobis,
339 2376 441 2458 judici
468 2381 502 2440 et
531 2375 656 2439 ciuitati
687 2375 719 2439 in
739 2371 779 2455 ⁸⁶)
814 2373 993 2455 quindecim
1023 2373 1188 2454 punietur,
1224 2377 1297 2440 acsi
1333 2380 1510 2460 probabitur

211 2506 282 2553 esse
315 2487 485 2569 culpabilis
518 2492 633 2569 quarta
668 2486 746 2561 rice,
780 2490 857 2551 tunc
885 2485 1086 2557 adiudicatus
1119 2487 1162 2551 sit
1191 2486 1289 2552 uobis
1328 2493 1428 2558 rebus
1453 2492 1511 2557 suis

210 2596 357 2665 omnibus
380 2606 413 2664 et
435 2617 580 2681 persona.
627 2597 696 2663 Hoc
720 2604 934 2664 uremiutamen
969 2595 1219 2669 obseruando⁵³l
1243 2603 1511 2670 moderantium

208 2710 404 2793 pauperibus
435 2712 560 2776 ciuibus
589 2716 686 2793 atque
708 2711 821 2787 serula,
851 2711 905 2794 qui
930 2709 1116 2793 inprobatis
1146 2711 1296 2776 articulis
1330 2717 1385 2781 uel
1419 2717 1510 2800 prela·

208 2830 314 2889 torum
344 2821 452 2904 aliquo
483 2822 659 2906 culpabiles
671 2820 712 2895 68)
742 2822 970 2904 probabuntur,
1005 2830 1050 2900 ut,
1080 2825 1108 2887 si
1139 2824 1210 2905 quis
1241 2844 1280 2887 ex
1316 2830 1367 2892 eis
1398 2836 1510 2894 statute

208 2954 290 3017 pene
313 2954 375 2999 non
398 2938 518 3017 poterit
539 2936 666 3000 soluere
688 2936 908 3018 quantitatem,
932 2942 1007 3000 tunc
1026 2935 1160 3018 predicti
1185 2953 1241 2999 sex
1253 2938 1361 3019 jurati
1385 2944 1509 3022 pument

211 3068 291 3127 eum,
315 3050 400 3113 sicut
415 3048 566 3130 expedire
585 3047 755 3124 ridebitur,
779 3054 994 3113 verumtamen
1018 3049 1143 3113 iusticia
1159 3049 1336 3115 mediante.
1361 3052 1508 3117 l'olumus

208 3164 307 3228 eciam
319 3160 360 3244 69)
389 3168 486 3244 atque
509 3161 635 3243 precise
657 3160 852 3237 nicodemus
876 3167 913 3225 ut
934 3159 1123 3242 obligacioni
1136 3158 1176 3241 ⁷⁰.)
1198 3168 1232 3224 et
1254 3170 1365 3242 pacto.
1399 3166 1507 3247 quibus

207 3293 242 3339 se
264 3277 401 3340 inuicem
425 3273 476 3338 nel
493 3291 563 3337 cum
588 3272 660 3337 aliis
677 3272 929 3356 quibuscumque
951 3269 1185 3355 obligarnnt²¹l
1208 3275 1299 3337 ciues
1324 3276 1505 3357 Prapeoses

205 3389 274 3453 siue
290 3387 399 3452 ecdem
416 3385 632 3467 obligaciones
651 3382 714 3450 fido
736 3392 793 3452 aut
811 3387 991 3469 juramento
1007 3394 1064 3451 aut
1078 3387 1179 3452 litoris
1194 3391 1252 3449 aut
1267 3390 1504 3468 quomodolibet

207 3497 326 3564 fuerint
359 3498 486 3574 vallate,
522 3499 728 3562 renunccieut
757 3517 776 3562 a
805 3499 879 3563 data
913 3500 1113 3580 presencium
1147 3497 1228 3563 iufra
1261 3504 1503 3581 quatuorderim

205 3610 273 3675 dies
286 3611 326 3685 12)
350 3612 498 3674 continue
524 3610 737 3673 numerandos
750 3608 790 3679 ³³)
813 3609 1044 3692 absolnautque
1065 3610 1193 3691 penitus
1215 3629 1250 3675 se
1263 3609 1306 3681 ⁷⁴)
1329 3613 1372 3677 ab
1390 3616 1502 3679 eisdem

206 3728 239 3785 et
272 3723 381 3786 literas
411 3740 509 3802 super
540 3719 672 3803 ipsis²⁵l
703 3722 807 3786 alitos
833 3722 925 3787 nobis
955 3724 1119 3804 assignent
1147 3722 1228 3786 infra
1260 3728 1501 3805 quatuordecim

205 3833 329 3898 dierum
345 3835 488 3915 spacimn
511 3831 769 3915 pretaxaturn.'⁶)
791 3833 835 3898 Et
848 3834 889 3898 de
910 3834 973 3899 hiis
996 3854 1054 3917 per
1068 3835 1228 3916 predictos
1251 3853 1308 3900 sex
1322 3833 1363 3905 ⁷⁷)
1384 3840 1504 3921 juratos

202 3947 314 4012 moniti
336 3945 547 4023 habebuntur,
578 3948 664 4028 quod
693 3948 720 4010 si
743 3944 870 4028 post¹⁸l
899 3948 1033 4028 primam
1056 3946 1264 4011 moniciouem
1296 3967 1360 4012 netu
1386 3951 1504 4017 lecerit.

203 4057 310 4141 qui³⁹t
340 4060 480 4123 monitus
503 4058 609 4139 luent,
641 4060 751 4124 decem
781 4060 902 4124 talenta
931 4057 1186 4133 denariorum⁸⁰p
1208 4059 1312 4125 uobis.
1352 4071 1386 4126 et
1408 4062 1504 4143 judici

203 4168 240 4234 a'c
263 4171 387 4236 ciuitati
410 4172 551 4254 quinque
570 4173 696 4237 soluere
719 4172 881 4238 tenebitur
903 4173 972 4237 sine
994 4191 1091 4236 mora.
1115 4170 1192 4235 Post
1207 4173 1385 4238 secundam
1410 4176 1505 4239 uroni-

202 4279 325 4345 cionem
336 4280 377 4365 ¹¹)
407 4285 521 4366 uiginti
544 4283 664 4348 talenta
675 4282 716 4355 ⁸²)
739 4284 840 4362 nobis,
872 4292 905 4350 et
927 4285 1037 4350 decem
1066 4285 1186 4349 mleuta
1216 4284 1378 4353 soluet⁸³i
1407 4287 1503 4371 judici

203 4394 236 4453 ol
258 4394 357 4458 eciam
369 4394 410 4473 81)
440 4398 582 4463 ciuitati:
613 4404 686 4479 post
712 4398 844 4462 terciam
867 4399 900 4462 in
922 4398 1054 4479 triginta
1084 4397 1213 4462 talentis
1226 4395 1266 4467 ⁸⁵t
1298 4398 1394 4463 nobis
1420 4410 1451 4465 ol
1474 4402 1502 4465 in

202 4502 381 4583 quindecim
403 4507 501 4572 iudici
523 4515 555 4573 ot
578 4507 755 4582 ciuitati⁸⁶l
778 4510 897 4574 rrinlcte
927 4511 1053 4575 nomine
1083 4507 1304 4592 punietur⁸³l;
1332 4515 1402 4578 arsi
1435 4524 1501 4596 post
