3068 5160
780 361 855 411 1418.

738 547 802 631 crs.
820 566 893 631 133.

560 738 663 807 1418.
696 739 728 805 9.
753 736 904 805 cernua.
938 737 1074 805 Praha

168 934 251 997 Krc‘l
279 931 393 995 Vdclco
416 929 472 994 IV.
495 932 643 1014 apr-ovrtje
665 950 696 992 ae
717 928 852 991 adlezm
875 931 987 1010 pdaaiv
1008 927 1172 1011 zemaky'cb,
1203 932 1235 989 lo
1255 926 1356 990 nilodo
1378 930 1465 988 nemci

90 1058 92 1064 ’
167 1046 310 1110 kaocdo
333 1046 538 1108 duckovaimc
562 1064 617 1104 nea
637 1064 653 1103 z
675 1039 848 1104 bratoostvt
864 1040 1011 1123 polatinen
1034 1038 1107 1124 opti,
1134 1041 1278 1124 aar'r'zaje
1300 1042 1464 1102 manaim

168 1182 189 1221 a
212 1157 404 1242 obyratelabn
426 1155 545 1219 Velab'bo
560 1157 657 1217 macta
671 1152 854 1227 Praz'alcequ
879 1151 940 1237 aby
953 1175 988 1216 ve
1003 1153 1105 1216 vececb
1119 1152 1320 1216 aordcromebo
1343 1153 1359 1214 ἰ
1379 1162 1460 1215 treat-

167 1273 241 1334 oc'bo
254 1275 361 1354 pralon
371 1269 455 1352 piacl
468 1268 602 1352 iddagjan
619 1267 724 1352 y'c‘ny'm
738 1265 865 1331 condem
879 1264 994 1328 maccla·
1006 1288 1028 1327 a
1041 1287 1073 1328 ae
1086 1264 1252 1340 neaoudzli,
1276 1263 1359 1328 aerii
1371 1287 1464 1350 ponza

167 1384 248 1468 pred
262 1382 388 1446 socrdem
401 1381 562 1465 me'atakp'm
585 1404 606 1443 a
628 1379 715 1442 eldad
734 1378 840 1441 ailad-m
862 1378 1042 1441 mantano
1064 1400 1129 1442 moe
1146 1377 1281 1441 melio
1304 1377 1345 1442 do
1367 1381 1465 1441 abaci

340 1494 433 1570 brairi,
457 1492 559 1578 kdoby
573 1495 611 1576 je
633 1493 654 1554 lc
671 1493 792 1576 jiaemc
814 1491 915 1554 sondro
931 1490 1073 1574 policinlll
1094 1489 1151 1554 aab
1174 1489 1297 1554 obstat.

273 1694 482 1760 Wenceslaus
516 1693 568 1757 dei
603 1694 710 1772 gracia
743 1692 959 1756 Romanorum
994 1709 1049 1754 rex
1083 1708 1208 1772 semper
1241 1697 1400 1774 augustus
1436 1698 1467 1756 et

173 1808 303 1872 Boemie
326 1825 391 1872 rex.
435 1804 554 1873 Notum
577 1804 711 1869 facimus
733 1809 844 1868 tenore
867 1804 1069 1886 presencium
1092 1802 1260 1883 uniuersis,
1285 1803 1466 1887 quodlicet

173 1922 291 1985 (ludum
321 1938 378 2001 pro
409 1920 563 1998 vtilitate,
596 1918 727 1983 comodo
758 1923 791 1981 et
819 1916 962 1998 profectu
994 1936 1031 1980 ae
1061 1917 1218 1981 communi
1248 1916 1333 1983 bono
1365 1917 1463 1983 tocius

171 2034 261 2115 regni
283 2033 385 2097 nostri
408 2032 537 2096 Boemie
561 2038 593 2097 et
615 2030 792 2095 incolarum
815 2029 916 2111 ipsius
939 2048 997 2112 per
1018 2029 1142 2094 nobiles
1165 2028 1302 2095 barones
1325 2029 1463 2095 eiusdem

173 2147 273 2226 regni,
297 2145 408 2209 fideles
432 2150 557 2209 nostros
585 2143 728 2221 dilectos,
760 2132 844 2207 (lum¹
865 2148 974 2207 essent
1004 2142 1089 2207 cirea
1117 2141 1244 2208 tabulas
1273 2148 1360 2207 terre
1383 2160 1464 2207 more

173 2259 268 2323 solito
291 2258 483 2322 unanimiter
506 2256 698 2338 conmegati,
730 2256 946 2334 adiuuentum,
979 2255 1151 2335 decretum,
1174 2260 1340 2335 statutum,
1364 2256 1465 2337 dispo-

174 2373 270 2436 situm
290 2378 323 2435 et
338 2371 517 2435 ordinatum
541 2388 578 2433 ae
600 2367 794 2433 inbibieione
816 2373 903 2432 certa
917 2367 1070 2459 vallatum
1093 2369 1217 2448 existat,
1241 2386 1281 2432 ne
1301 2368 1464 2451 quispiam,

174 2484 390 2564 cuiuscunque
422 2488 533 2559 status,
565 2483 692 2560 gradus,
724 2480 958 2560 preeminencie
986 2497 1042 2544 sen
1066 2479 1261 2545 condicionis
1284 2479 1378 2558 foret
1401 2498 1464 2562 per·

174 2614 284 2658 sonam
319 2611 540 2676 quamcunque
578 2594 754 2656 secularem
793 2598 883 2656 extra
919 2611 1052 2674 regnum
1086 2598 1230 2658 nostrum
1263 2592 1398 2658 Boemie
1431 2591 1466 2656 ob

176 2725 303 2770 causam
334 2723 555 2787 quamcunque
578 2706 618 2768 acl
641 2705 808 2786 spirituale
836 2705 992 2788 judiciuin
1017 2705 1124 2781 citare,
1154 2705 1281 2769 trabere
1312 2724 1371 2771 seu
1398 2723 1467 2769 euo-

176 2836 247 2880 care
269 2825 468 2898 presumeret
490 2819 721 2899 quoquomodo,
746 2817 803 2881 serl
826 2817 911 2899 quod
926 2817 1061 2898 quilibet
1081 2817 1243 2882 accionem
1259 2836 1351 2882 suam
1367 2836 1467 2883 coram

177 2905 375 3010 competente
388 2930 495 3011 judice
512 2935 543 2993 et
555 2931 686 3012 jndicio,
703 2931 735 2992 in
753 2950 814 3012 quo
831 2930 966 3012 quilibet
981 2931 1122 2994 residere
1139 2928 1325 3010 dinoscitur,
1342 2930 1471 2995 deberet

176 3059 309 3123 querere
333 3047 365 3105 et
385 3044 535 3125 prosequi
554 3062 624 3106 curn
642 3043 766 3120 ellectu,
791 3043 831 3106 ad
854 3043 938 3125 quorl
955 3043 1056 3107 eciam
1079 3043 1118 3107 cle
1140 3043 1321 3124 principum
1344 3049 1378 3107 et
1402 3062 1469 3107 con-

176 3155 372 3218 siliariorum
402 3161 592 3231 nostrornm,
624 3155 767 3218 fidelium
797 3155 996 3233 dilectorum,
1028 3173 1105 3219 sano
1129 3163 1162 3220 et
1184 3154 1305 3218 salubri
1329 3175 1367 3220 ao
1395 3155 1470 3219 bene

175 3268 300 3347 digesto
332 3268 465 3332 consilio
496 3269 586 3349 regia
609 3274 718 3332 nostra
741 3269 896 3331 serenitas
927 3286 1003 3331 suos
1032 3286 1221 3332 consensum
1251 3273 1285 3331 et
1307 3286 1470 3333 assensum

177 3380 322 3444 meminit
350 3381 527 3460 prebuisse,
559 3387 592 3444 et
615 3381 774 3461 idipsum
798 3379 912 3443 fecisse
936 3380 969 3444 in
993 3380 1176 3444 ciuitatibus
1199 3379 1328 3461 publice
1350 3381 1471 3462 procla-

177 3493 267 3557 mari.
311 3491 393 3568 Quia
422 3498 530 3557 tamen
561 3494 738 3574 predictum
767 3492 927 3557 decretum
953 3499 985 3556 ct
1008 3499 1162 3556 statutum
1189 3493 1229 3557 ad
1252 3492 1422 3557 rniuersos
1443 3499 1474 3555 et

177 3604 321 3685 singulos
344 3605 448 3668 tocius
480 3605 569 3685 regni
593 3605 694 3669 nostri
717 3602 847 3669 Boernie
879 3605 999 3669 incolas
1022 3606 1116 3668 animis
1147 3604 1342 3685 generaliter
1365 3625 1401 3670 se
1424 3625 1472 3670 en·

177 3718 279 3780 tenclit
309 3723 341 3780 et
372 3735 515 3780 seorsum
547 3718 579 3781 in
607 3718 713 3798 specie
743 3719 902 3781 neminem
934 3714 1182 3799 comprehendit,
1214 3735 1271 3781 nos
1302 3718 1343 3782 de
1367 3719 1475 3782 innata

178 3829 268 3892 nobis
292 3830 499 3910 benignitatis
523 3828 696 3894 clemencia
711 3829 854 3894 volentes
873 3829 1031 3911 profatum
1054 3831 1216 3894 decretum
1240 3849 1296 3894 seu
1320 3837 1472 3895 statutum

177 3940 217 4002 arl
240 3943 327 4004 ciues
344 3948 376 4005 et
390 3942 511 4007 incolas
527 3942 659 4005 Maioris
683 3943 823 4005 ciuitatis
844 3943 1023 4023 Pragensis,
1047 3941 1158 4006 fideles
1181 3949 1307 4007 nostros
1331 3941 1476 4018 dilectos

178 4053 360 4129 specialiter
382 4061 577 4136 retorquere,
602 4055 820 4119 desiderantes
843 4055 998 4136 profectui
1022 4062 1055 4119 et
1078 4055 1210 4118 comodo
1233 4057 1379 4135 ipsorum
1403 4072 1475 4120 cura

177 4162 306 4243 benigni
337 4164 456 4230 fauoris
488 4167 653 4231 intendere
685 4187 721 4230 ac
750 4168 830 4248 ipsis
858 4188 877 4231 a
898 4167 1015 4231 futuris
1045 4167 1198 4248 periculis
1227 4168 1413 4248 precauere,
1444 4173 1478 4229 rt

178 4275 239 4354 ipsi
263 4275 445 4342 celsitudini
469 4285 576 4343 nostre
600 4298 637 4343 eo
662 4279 789 4359 quirlem
812 4281 1004 4361 promptius
1034 4300 1135 4361 eoque
1159 4279 1330 4345 decencius
1354 4283 1476 4346 seruire

179 4384 315 4464 valeant,
339 4407 400 4467 quo
423 4390 593 4467 benignius
615 4389 734 4453 luerint
756 4393 843 4471 regie
867 4391 1069 4456 liberalitatis
1087 4392 1260 4456 clemencia
1282 4411 1339 4472 pre
1362 4394 1478 4458 ceteris

179 4497 343 4576 consolati,
376 4508 569 4580 quapropter
592 4503 696 4566 animo
720 4502 906 4582 deliberato,
939 4523 1015 4568 sarm
1046 4504 1210 4582 nobilium,
1242 4511 1412 4584 procerum
1443 4524 1477 4568 ac
