3068 5160
169 356 210 419 gp
782 353 857 402 rara.

170 562 316 626 omnibus
339 565 372 624 et
394 558 529 640 singulis
551 557 741 640 priuilegiis,
772 557 957 636 honoribus,
980 556 1156 638 fauoribus,
1179 558 1306 640 graciis,
1330 558 1459 640 legibus,

165 675 291 757 juribus
322 671 567 754 municipalibus
589 676 623 736 et
644 669 864 736 communibus
892 670 1185 749 consuetudinibus,
1215 670 1335 751 usibus,
1359 671 1459 736 obser·

169 788 292 851 uanciis
314 791 348 850 et
370 784 508 864 statutio,
540 783 657 865 quibus
679 783 820 863 Antiqua
846 784 966 864 potitur
989 783 1104 849 ciuitas
1126 787 1160 848 et
1179 781 1327 865 refulget,
1351 782 1457 848 futuris
1491 808 1494 815 ·

167 899 394 980 perpetuisque
424 896 620 978 temporibus
651 894 810 977 gaudeant
831 902 864 959 ct
886 901 1024 961 vtantur.
1068 895 1150 961 Item
1180 895 1381 961 decarnImus
1403 902 1458 960 sta·

168 1016 304 1090 tuentes,
329 1010 414 1091 quod
436 1007 559 1090 prelata
578 1007 670 1072 Noua
693 1008 807 1072 ciuitas
830 1013 863 1072 ct
885 1008 989 1073 incole
1012 1007 1155 1073 eiusdem
1179 1025 1287 1073 coram
1305 1008 1459 1090 jndicibus

169 1130 201 1187 et
216 1122 355 1189 scabinis
379 1121 520 1187 ciuitatis
543 1121 655 1202 ipsius,
679 1138 760 1202 quos
783 1121 902 1186 ibidem
924 1121 1109 1186 duxerimus
1130 1120 1341 1203 deputandos,
1363 1125 1397 1185 et
1416 1138 1459 1184 sc·

169 1235 308 1299 cundum
324 1234 438 1317 legem,
455 1232 715 1299 consuetudinem
731 1238 765 1298 et
779 1239 900 1298 statuta
915 1234 1017 1316 ipsius
1040 1233 1181 1301 ciuitatis
1203 1233 1412 1300 criminaliter
1431 1239 1460 1296 et

169 1348 310 1412 ciuiliter
324 1347 479 1411 iudicium
494 1346 622 1427 capiant
636 1364 674 1410 ac
687 1363 746 1426 per
761 1346 847 1426 ipsos
859 1346 984 1428 judices
1000 1351 1034 1410 et
1046 1346 1193 1412 scabinos
1208 1346 1243 1411 in
1258 1346 1406 1412 omnibus
1417 1365 1458 1409 re·

170 1466 295 1541 gantur,
319 1460 518 1540 corrigantur
534 1459 682 1524 abaciam
696 1459 879 1539 puniantur.
902 1458 984 1524 Item
1000 1459 1041 1524 ad
1056 1459 1140 1524 dicte
1157 1458 1300 1524 ciuitatis
1322 1458 1457 1525 decorem

169 1577 203 1636 et
217 1571 368 1636 continua
382 1571 578 1636 incrementa
593 1571 762 1635 statuimus
773 1569 877 1636 lorum
892 1570 1111 1650 ebdomadala
1123 1570 1210 1653 quod
1223 1569 1306 1636 feria
1320 1569 1456 1645 secunda,

170 1691 203 1749 et
225 1683 384 1749 nundinas
407 1683 538 1749 annales
561 1690 593 1748 et
615 1682 794 1764 generales
827 1701 889 1763 que
911 1683 944 1748 iu
966 1682 1049 1748 festo
1075 1683 1162 1748 beati
1182 1681 1249 1748 Viti
1272 1683 1411 1749 martimo
1430 1681 1456 1744 iu

170 1796 310 1878 Antiqua
345 1795 475 1860 ciuitate
511 1795 722 1874 celebrantur,
756 1794 797 1859 ad
831 1795 948 1860 dictam
981 1794 1105 1860 Nouam
1141 1794 1307 1861 ciuitatem
1339 1792 1455 1877 prefatis
1494 1810 1498 1881 1ς

171 1909 285 1973 diebus
307 1913 340 1973 et
355 1908 551 1990 temporibus
574 1909 706 1989 suisque
722 1907 825 1972 modis
841 1911 874 1971 et
888 1907 1128 1973 condicionibus
1151 1907 1300 1973 omnibus
1323 1908 1454 1973 duximus

171 2019 419 2087 transferendas.
442 2021 524 2085 Item
539 2019 686 2084 volumus
701 2019 873 2084 salubriter
889 2019 1084 2100 ordinantes,
1108 2020 1194 2102 quod
1212 2026 1347 2103 propter
1360 2020 1453 2085 domos

171 2139 204 2198 et
225 2132 351 2197 edificia
373 2133 515 2213 predicte
537 2130 629 2196 Noue
652 2132 792 2197 ciuitatiS
819 2131 1015 2197 habitatores
1039 2137 1071 2197 et
1093 2132 1215 2198 incolas
1247 2131 1452 2207 construenda
1495 2172 1498 2193 1

171 2251 460 2327 quantumcumque
490 2246 681 2327 sollempnia
703 2251 737 2310 et
758 2245 905 2310 ordinata
926 2243 1045 2309 fuerint
1072 2251 1269 2327 sumptuose,
1300 2240 1453 2310 nullusod
1495 2264 1498 2289 =

172 2358 361 2423 soluendum
390 2363 446 2422 aut
474 2358 681 2440 prestandum
711 2358 802 2423 nobis
834 2375 891 2422 seu
922 2358 1161 2423 successoribus
1192 2357 1312 2423 nostris
1342 2354 1454 2439 regibus
1496 2420 1498 2441 ι

171 2471 301 2535 Boemie
324 2474 380 2534 aut
401 2471 549 2553 cuiquam
571 2471 664 2536 alteri
688 2475 820 2550 cogatur
841 2489 898 2534 seu
922 2469 1070 2551 compelli
1092 2469 1205 2551 possit,
1229 2469 1294 2534 nisi
1317 2483 1454 2535 summam
1496 2502 1498 2507 ·

171 2584 344 2663 dumtaxat,
375 2602 437 2666 que
466 2602 524 2664 pro
555 2582 624 2647 solo
647 2586 680 2647 et
701 2601 776 2647 arca
804 2581 901 2647 fuerit
931 2581 1082 2664 imposita
1103 2582 1144 2647 ab
1167 2581 1264 2647 inicio
1294 2587 1329 2648 et
1354 2564 1498 2673 amaa]

172 2694 252 2760 Item
274 2697 477 2777 precipimus,
500 2701 534 2787 ut
555 2694 663 2760 nullus
687 2713 784 2775 supra
805 2695 933 2759 domurn
957 2713 1014 2760 seu
1038 2694 1199 2760 edificium
1222 2713 1318 2760 suurn
1342 2708 1457 2761 censum

172 2813 228 2873 aut
250 2809 395 2873 redditus
426 2807 477 2871 uel
512 2808 698 2889 pensionem
722 2807 869 2886 vendere,
900 2808 976 2871 dare
1007 2807 1059 2871 uel
1083 2807 1258 2872 concedere
1281 2807 1379 2873 alicui
1399 2822 1460 2887 pcr-

172 2925 269 3001 petuo
285 2920 337 2985 uel
360 2921 401 2985 ad
422 2927 549 3000 tempus
572 2925 628 2984 aut
649 2919 761 2984 eadem
783 2918 910 2984 edificia
925 2919 1030 2984 valeat
1045 2939 1187 2998 onerare,
1211 2919 1275 2984 nisi
1295 2918 1399 2984 solum
1412 2934 1462 2998 pro

173 3031 278 3096 media
301 3038 401 3113 parte,
425 3051 482 3113 pro
499 3050 562 3114 qua
583 3037 694 3113 posset
712 3033 796 3097 tradi
816 3031 857 3096 ad
878 3050 1007 3096 censum
1029 3031 1082 3097 uel
1102 3031 1245 3098 redditus
1266 3030 1407 3109 annales
1428 3046 1464 3092 ne

173 3150 303 3225 propter
326 3162 440 3209 census
456 3150 489 3209 et
503 3146 647 3210 redditus
671 3163 751 3209 onus
774 3163 873 3225 graue
895 3144 1022 3209 edificia
1040 3149 1222 3209 constructa
1237 3162 1310 3208 cum
1326 3143 1464 3209 maximis

174 3256 337 3320 laboribus
360 3262 393 3322 et
414 3259 562 3337 expensis
584 3258 617 3321 iu
642 3255 876 3321 deformitatem
900 3257 1039 3321 ciuitatis
1062 3256 1245 3322 huiusmodi
1269 3262 1417 3321 corruant
1437 3257 1468 3317 ct

174 3367 300 3448 penitus
313 3369 525 3450 negligantur.
549 3368 629 3432 Item
645 3368 791 3432 volumus
807 3373 840 3433 et
854 3369 1050 3448 mandamus,
1069 3370 1153 3451 quod
1169 3386 1280 3434 omnes
1295 3374 1330 3434 et
1345 3366 1466 3450 siuguli,

174 3480 229 3562 qui
245 3480 286 3544 ad
303 3480 385 3545 dicte
410 3481 549 3544 ciuitatis
565 3479 725 3545 voluerint
741 3481 893 3545 accedere
909 3481 1092 3561 incolatum,
1112 3480 1195 3546 inira
1209 3499 1364 3561 mensem,
1387 3486 1468 3562 post-

174 3611 270 3673 quam
286 3611 361 3657 area
377 3598 410 3657 et
425 3592 487 3657 soli
501 3593 610 3673 porcio
628 3611 685 3657 seu
703 3593 794 3673 pecia
809 3592 870 3657 sibi
886 3592 983 3657 fuerit
997 3594 1169 3675 assignata,
1186 3593 1337 3660 edificare
1352 3599 1385 3659 et
1400 3611 1472 3657 con·

174 3708 298 3770 struere
322 3705 368 3770 sic
391 3705 546 3786 incipiant
564 3711 720 3784 accurate,
745 3706 829 3787 quod
852 3704 936 3770 infra
950 3707 1059 3771 decem
1075 3711 1108 3771 et
1123 3710 1194 3771 octo
1216 3724 1346 3772 menses
1361 3726 1381 3771 a
1395 3711 1472 3770 tem·

174 3835 250 3895 pore
274 3818 505 3899 assignationis
535 3818 716 3883 huiusmodi
747 3818 841 3883 dictis
871 3817 1005 3883 edificiis
1037 3819 1208 3884 lnhabitari
1230 3819 1362 3885 valeant
1391 3838 1472 3883 com·

175 3928 267 3993 mode
299 3936 332 3994 et
360 3931 488 4012 morari,
523 3931 723 4012 negligentes
745 3949 820 3995 vero
852 3931 1031 3996 sanccimus
1060 3949 1144 4011 pena
1174 3931 1348 3997 arbitraria
1373 3929 1471 3997 nostri

172 4039 285 4118 Judicii
307 4043 496 4122 puniendos
535 4042 615 4108 Item
639 4043 831 4122 ordinamuS,
855 4049 889 4107 vt
910 4043 1018 4109 nullus
1041 4042 1191 4108 edificare
1213 4043 1266 4109 uel
1290 4048 1473 4110 construere

176 4146 258 4213 vltra
287 4152 405 4218 limites
436 4161 606 4220 stratarum
635 4159 669 4220 et
689 4155 832 4220 uicorum
862 4155 926 4220 alte
956 4155 1008 4220 uel
1031 4156 1125 4220 basse
1156 4163 1331 4237 presumat,
1362 4151 1473 4240 quodsi

177 4276 269 4323 secus
291 4260 411 4343 fecerit,
435 4287 492 4348 per
511 4268 658 4351 judIcem
673 4273 706 4332 et
728 4268 875 4333 scabinos
899 4268 1059 4350 predictos
1084 4275 1254 4333 stratarum
1278 4275 1312 4334 et
1335 4269 1472 4335 locorum

178 4369 262 4434 dIcte
276 4371 367 4436 Nouo
391 4377 529 4443 ciuitatis
552 4379 670 4444 limites
693 4381 954 4446 transcendentes
977 4382 1172 4463 precipimus
1196 4382 1346 4448 demoliri
1363 4390 1396 4450 et
1410 4382 1473 4448 edi·

177 4480 308 4546 ficantes
336 4484 455 4566 judicio
486 4491 627 4570 ipsorum
654 4493 771 4574 judicis
795 4500 828 4558 et
850 4494 1052 4558 scabinorum
1082 4514 1165 4576 pena
1190 4496 1364 4564 arbitraria
1385 4496 1476 4581 puni·
