3090 5370
123 355 158 412 lli
732 355 806 400 1199.

116 558 199 619 aidlo
230 559 298 619 111ῖεὶ
319 581 338 619 a
363 558 467 620 obecrn‘
484 560 617 644 potieby
638 560 769 644 jedooti
788 558 879 634 molti,
910 560 992 644 rrmje
1020 579 1059 621 aa
1087 557 1220 621 admitto
1245 558 1301 619 aud
1320 559 1410 639 pro'rc

119 670 223 753 ricoldis
242 670 335 754 plotp
357 695 377 733 α
393 673 468 754 jioe'
481 673 610 757 poio'tlcy
632 697 648 735 z
669 672 799 736 aeduico
820 671 1003 756 oycbcizejioi
1024 670 1194 755 tpkdzdny.
1217 667 1411 734 Doeozooo'ni

118 782 281 846 cruciatskc'lto
305 788 417 867 pisato
438 784 541 848 adicit
565 787 742 869 pr‘iaelropm
764 783 921 848 kondeldm
942 781 1087 867 apotecae
1103 805 1119 845 a
1133 782 1257 867 jiagimi
1277 782 1413 845 classiani

116 899 252 979 midlooy
273 920 294 959 a
311 900 411 980 picot*
428 899 483 960 md
511 895 577 981 bridi
596 897 702 960 clovik
723 896 843 981 obecay',
875 898 973 979 ruieny'
994 919 1017 959 a
1037 897 1141 979 vosagi,
1165 897 1245 979 jorni
1265 917 1296 958 sc
1319 896 1414 978 aptato

222 1033 239 1072 o
262 1008 414 1072 suadent
436 1010 524 1073 lindio
545 1013 713 1073 midiaadm
736 1034 756 1073 a
779 1033 797 1073 v
812 1009 952 1093 jcdadai
973 1008 1112 1074 obocm‘cb
1133 1008 1312 1072 zolcz‘itoati.

223 1226 289 1293 Nos
313 1226 521 1292 ll'encezlaus
551 1227 603 1292 dei
633 1228 741 1309 gracia
764 1246 818 1292 rex
841 1226 982 1306 Boemie‚
1015 1226 1078 1290 dux
1101 1224 1256 1291 Cracouie
1279 1231 1314 1291 et
1340 1226 1414 1292 Sau-

116 1340 261 1414 domirie,
297 1338 501 1421 marclrioque
533 1339 687 1405 Morauie.
739 1337 858 1404 Notum
890 1338 1025 1404 iacimus
1055 1339 1214 1405 uniuersis
1249 1344 1415 1421 presentes

117 1453 241 1516 litteras
266 1453 468 1533 inspecturis
493 1453 578 1534 quod
601 1453 710 1518 dilecti
733 1452 825 1518 nobis
841 1453 1031 1518 Franciscus
1048 1451 1125 1517 olim
1144 1453 1252 1535 judex,
1276 1451 1416 1517 lacobus

118 1565 202 1628 lilius
233 1563 392 1645 quondam
415 1562 567 1643 Wolllini,
597 1563 792 1628 Woliramus
821 1563 906 1629 lilius
938 1564 1098 1646 quondam
1120 1563 1312 1645 llleinhardi,
1344 1564 1417 1629 Phi·

118 1677 223 1757 lippus
254 1676 340 1741 lilius
375 1676 533 1760 quondam
564 1675 738 1757 iohannis,
773 1676 932 1741 Henricus
966 1677 1103 1758 scriptor
1132 1695 1191 1741 nec
1222 1695 1286 1741 uon
1318 1677 1417 1742 ceteri

114 1790 212 1869 Jurati
237 1790 377 1854 ciuitatis
401 1795 510 1854 nostre
526 1789 697 1871 Prageusis
720 1809 759 1854 ex
781 1794 872 1870 parte
896 1808 954 1855 sua
969 1794 1002 1853 et
1021 1790 1259 1855 communitatis
1274 1790 1418 1856 ciuitatis

117 1902 261 1967 eiusdem
284 1903 376 1967 uobis
406 1901 620 1967 exhibuerunt
649 1901 808 1985 quoddam
838 1903 1084 1967 instrumentum
1110 1920 1207 1983 super
1229 1903 1418 1983 prouisione

117 2015 199 2080 facta
222 2034 279 2096 per
302 2015 390 2096 ipsos
409 2015 526 2080 dilecto
543 2015 635 2080 nobis
650 2015 802 2095 magistro
818 2015 912 2079 Petro
928 2014 1055 2095 publico
1079 2015 1143 2079 iam
1165 2013 1251 2078 dicte
1274 2015 1418 2080 ciuitatis

116 2128 240 2192 notario
264 2133 296 2191 et
318 2127 386 2192 suis
420 2127 659 2193 successoribus
689 2128 913 2208 conscriptum,
943 2134 1099 2209 petentes,
1129 2131 1164 2191 vt
1186 2126 1271 2191 idem
1297 2129 1416 2192 instru-

118 2245 258 2304 mentum
281 2241 369 2306 etin
391 2241 461 2321 ipso
486 2244 635 2305 contenta
656 2239 815 2305 notificare
837 2244 871 2304 et
893 2238 1079 2305 confirmare
1106 2239 1284 2304 maiestatis
1308 2245 1418 2306 nostre

117 2353 225 2431 gracia
247 2353 462 2434 dignaremur.
507 2351 586 2416 Erat
616 2360 722 2417 autem
752 2354 858 2434 ipsum
887 2353 1133 2418 instrumentum
1163 2372 1227 2418 non
1250 2352 1417 2432 abolitum,

35 2551 37 2555 y
117 2485 180 2530 non
199 2466 357 2546 abrasum,
381 2466 445 2531 u'on
460 2465 679 2545 cancellatum,
703 2484 762 2532 uec
777 2467 811 2530 in
826 2467 935 2548 aliqua
949 2471 1040 2558 parte
1056 2465 1106 2530 sui
1122 2466 1284 2546 viciatum,
1309 2466 1417 2548 sigillo

117 2578 257 2643 ciuitatis
287 2578 430 2660 predicte
460 2580 616 2643 munitum
639 2584 672 2643 et
694 2578 734 2642 de
756 2578 853 2644 verbo
877 2578 1072 2643 adverbum
1101 2599 1159 2660 per
1185 2579 1294 2645 omnia
1316 2581 1417 2646 conti-

116 2691 228 2755 nencia
248 2691 320 2756 eius
339 2691 431 2756 talis:
454 2690 520 2755 Nos
537 2691 725 2756 Franciscus
744 2692 852 2774 judex,
876 2690 1015 2756 lacobus
1038 2690 1124 2755 lilius
1139 2691 1300 2773 quondam
1316 2691 1417 2757 Wolf-

118 2802 184 2880 11111,
208 2800 401 2867 Wolframus
427 2803 513 2869 lilius
541 2804 701 2886 quondam
728 2802 918 2883 Meinhardi,
949 2802 1115 2885 Philippus
1142 2802 1228 2868 filius
1255 2806 1418 2887 quondam

115 2913 283 2994 lobannis,
307 2912 424 2998 Sypoto
448 2918 487 2982 de
510 2917 690 2996 Benessora
714 2915 885 2981 Heinricus
908 2916 1013 2981 dictus
1036 2915 1177 2995 Herstul
1205 2916 1417 2983 Perohtoldus

117 3027 236 3107 Pullus,
268 3027 344 3094 Otto
374 3027 461 3093 filius
486 3027 647 3094 Ghonradi
662 3025 698 3110 ι),
729 3026 805 3093 Otto
835 3027 921 3093 lilius
948 3025 1095 3111 Symonis
1126 3027 1307 3109 Stuckonis
1340 3029 1418 3096 Otto

117 3141 156 3205 de
171 3141 302 3222 Lapide,
326 3140 497 3206 Heinricus
520 3141 666 3222 scriptor,
690 3140 1036 3221 lacobusoFridiugeri
1057 3142 1155 3223 jurati
1176 3147 1209 3206 et
1224 3142 1314 3207 ciues
1337 3142 1417 3208 ciui-

116 3253 191 3316 tatis
221 3253 402 3334 Pragensia
434 3258 543 3319 notum
572 3251 642 3318 lieri
671 3252 818 3318 volumus
850 3253 1009 3318 uniuersis
1038 3258 1182 3318 tenorem
1212 3258 1417 3335 presencium

55 3400 58 3406 ·
117 3365 317 3446 inspecturis,
350 3366 434 3448 quod
465 3386 536 3432 oum
567 3367 695 3449 quidam
725 3386 764 3431 ex
794 3367 886 3431 nobis
909 3370 1019 3430 esseut
1044 3367 1139 3431 electi
1160 3385 1223 3431 vna
1246 3386 1320 3432 cum
1342 3368 1416 3433 eliis

115 3476 259 3542 honestis
282 3478 361 3543 viris
390 3479 514 3544 ciuibus
537 3480 577 3544 de
600 3479 735 3545 consilio
757 3483 882 3543 maturo
909 3483 1018 3543 nostro
1042 3484 1075 3543 et
1097 3481 1345 3561 communitatis
1370 3480 1414 3544 ri·

114 3589 233 3656 delicet
254 3590 391 3656 Lutoldo
407 3592 446 3657 de
460 3592 563 3672 Turn,
588 3590 733 3657 Conrado
749 3591 789 3656 de
804 3592 949 3675 Ryozauo
966 3597 998 3656 et
1013 3591 1170 3674 Byllungo
1192 3592 1232 3656 ad
1248 3592 1414 3661 collectam

115 3702 236 3768 domini
267 3704 353 3785 regis
376 3709 409 3770 et
430 3705 548 3770 ciuium
577 3704 716 3770 fideliler
747 3702 969 3786 colligendam,
1002 3723 1064 3786 que
1094 3723 1129 3768 se
1159 3704 1354 3772 extendebat
1375 3706 1413 3770 ad

116 3832 271 3882 summam
294 3815 382 3882 mille
404 3836 581 3883 marcarum
604 3818 738 3898 argenti,
763 3835 843 3899 quos
866 3834 962 3898 super
984 3815 1096 3881 eadem
1119 3816 1254 3882 collecta
1276 3817 1414 3884 fideliter

117 3926 296 4009 colligenda
319 3930 486 4011 oportebat
508 3949 605 4011 super
628 3948 754 3995 crucem
777 3930 809 3993 in
834 3930 970 3994 ecclesia
992 3931 1093 3994 sancti
1121 3927 1247 3995 Nicolai
1269 3938 1412 4013 prestare

117 4041 281 4119 corporale
301 4043 527 4125 juramentum,
550 4047 585 4107 vt
605 4041 739 4106 eandem
755 4041 921 4107 collectam
941 4040 1093 4122 colligere
1108 4040 1246 4106 fideliter
1261 4043 1414 4110 deberent

118 4148 237 4231 absque
261 4154 346 4218 omui
370 4154 436 4218 doli
460 4155 610 4235 capcione
633 4159 666 4218 et
688 4146 790 4236 ipsam
813 4154 846 4218 in
869 4147 944 4219 usus
967 4153 1145 4219 laudabiles
1168 4173 1225 4236 pro
1250 4157 1413 4238 republica

118 4259 219 4340 ipsius
249 4264 399 4346 ciuitatis,
430 4287 488 4332 noc
518 4287 581 4332 uon
610 4286 668 4349 pro
691 4267 811 4332 honore
843 4273 875 4332 et
905 4268 1037 4333 comodo
1067 4273 1132 4333 tam
1158 4267 1296 4334 diuitum
1320 4288 1411 4351 quem

117 4390 292 4454 pauperum
314 4379 409 4458 omni,
433 4398 496 4461 quo
519 4385 659 4461 possent,
683 4379 789 4444 studio
812 4385 1025 4461 pertractare;
1049 4379 1259 4446 consideratis
1274 4381 1413 4447 diuersis

117 4482 293 4551 defectibus
315 4490 465 4570 ciuitatis,
497 4509 633 4572 quorum
658 4510 739 4556 unus
765 4491 834 4572 fuit,
862 4492 947 4574 quod
973 4491 1088 4558 ciuitas
1110 4498 1176 4558 tam
1198 4511 1218 4558 a
1240 4493 1413 4571 nobilibus,
