3068 5160
681 389 754 437 rasa.
1326 387 1367 447 29

9 587 24 678 J
98 585 238 667 finiremus,
264 595 297 654 vt
320 610 429 656 ornnes
453 599 486 656 et
508 592 626 671 singuli
657 593 809 658 ducentes
841 597 946 657 strues
976 591 1136 673 lignorum
1158 612 1217 674 per
1238 592 1367 658 alueum

97 699 206 768 luminis
230 703 357 769 illucue
389 722 502 768 uersus
526 705 658 784 l‘ragam
688 724 745 787 pro
778 705 889 770 usibus
920 704 1003 786 ignis
1032 709 1089 768 aut
1121 704 1266 783 edificiis,
1295 725 1367 770 cum

8 884 18 891 ,
95 813 205 881 allitus
231 817 377 882 l’oczkali
401 816 622 898 applicuerint,
647 818 765 883 ibidem
788 817 904 900 deponi
928 817 1022 883 etde
1045 817 1137 898 aquis
1161 818 1283 882 extrahi
1307 837 1365 883 seu

8 952 23 963 -·
94 928 164 991 rendi
185 931 329 1008 debeant,
354 935 449 1011 prout
470 930 531 995 hoc
554 931 587 995 in
610 930 683 995 aliis
706 931 824 996 uostris
841 930 1023 1012 patentibus
1046 929 1173 1008 litteris,
1189 930 1365 994 maioribus

94 1037 184 1116 suillis
207 1042 368 1121 sigillatis,
394 1042 472 1124 ipsis
496 1043 621 1107 ciuibus
636 1043 850 1124 Progeusibus
864 1062 923 1126 per
937 1061 996 1106 nos
1019 1040 1096 1106 olim
1122 1041 1215 1120 (latis,
1238 1041 1365 1122 plenius

10 1232 14 1238 ἢ
91 1159 126 1214 est
145 1173 333 1236 expressum.
358 1156 506 1220 [betereo
529 1155 675 1220 volumus
698 1161 731 1220 et
752 1155 812 1219 hoc
835 1154 984 1220 similiter
1002 1154 1146 1219 districte
1162 1154 1203 1218 ab
1218 1154 1364 1219 omuibus

90 1263 239 1346 obseruari,
265 1267 350 1347 quod
374 1268 481 1331 uullus
498 1267 695 1347 clericorum,
719 1267 912 1333 secularium
931 1274 987 1332 ant
1001 1266 1235 1347 religiosorum,
1260 1267 1364 1330 cuins-

88 1395 189 1460 cunque
222 1380 388 1460 dignitatis
421 1381 655 1461 preeminencie
686 1380 783 1445 fuerit
812 1380 882 1444 siue
916 1385 1027 1458 status,
1062 1379 1095 1443 iu
1126 1398 1224 1459 regno
1254 1385 1363 1443 nostro

85 1486 193 1557 llounie
216 1494 426 1569 manendum,
451 1493 539 1557 ciues
562 1500 688 1558 nostros
702 1494 880 1572 Progenses
902 1492 952 1557 vel
968 1511 1006 1557 en
1029 1493 1077 1556 eis
1100 1497 1189 1556 extra
1204 1490 1365 1574 dyocesim

82 1601 256 1681 ltaueusem
287 1607 385 1670 citare
415 1613 587 1686 presumat,
619 1624 729 1670 verum
760 1604 896 1686 quilibet
925 1605 1071 1682 clericus,
1102 1609 1136 1668 vt
1158 1603 1362 1684 prediximus,

77 1717 217 1781 solidaris
241 1723 297 1782 aut
319 1719 500 1799 religiosus,
532 1719 619 1783 ciues
651 1719 739 1800 ipsos
762 1724 795 1782 et
818 1716 992 1800 quemlibet
1020 1735 1131 1781 eorum
1154 1716 1187 1780 in
1208 1715 1278 1780 foro
1305 1733 1363 1779 suo

73 1849 169 1894 coram
182 1850 240 1894 suo
253 1831 361 1914 judice
374 1830 415 1895 ad
428 1831 553 1896 obiecta
568 1831 739 1896 conueniat
749 1848 986 1911 responsurum
1003 1829 1066 1894 nisi
1077 1827 1175 1894 fuerit
1190 1846 1286 1892 causa
1298 1827 1363 1909 spi-

70 1942 198 2021 ritualis
223 1962 280 2024 pro
305 1962 368 2023 qua
390 1963 483 2008 nemo
500 1943 698 2022 clericorum,
722 1943 877 2008 secularis
894 1942 945 2007 uel
963 1942 1144 2023 religiosus,
1169 1941 1256 2006 ciues
1275 1941 1362 2022 ipsos

66 2053 110 2118 rel
133 2055 275 2137 aliquem
298 2076 336 2120 ex
360 2056 439 2138 ipsis
462 2057 558 2120 debet
586 2062 676 2122 extra
705 2074 796 2121 suam
826 2056 924 2121 citare
948 2056 1118 2138 dyocesim,
1150 2054 1207 2120 sod
1234 2071 1362 2119 causam

64 2168 163 2248 ipsam
187 2175 400 2250 prosequatur
423 2188 528 2233 coram
552 2188 610 2234 suo
629 2170 738 2253 judice
762 2169 923 2233 ordinario
945 2174 1002 2233 aut
1024 2167 1153 2233 officiali
1169 2186 1227 2232 suo
1243 2166 1361 2230 ibidem

61 2282 92 2344 in
116 2301 216 2360 regno
246 2287 356 2345 nostro
380 2288 413 2345 et
436 2301 498 2346 nou
529 2281 609 2346 alias
638 2282 853 2365 judicandam.
898 2282 935 2346 In
959 2281 1049 2345 ouius
1073 2280 1120 2345 rei
1142 2279 1361 2345 testimonium

59 2400 227 2473 presentes
258 2393 382 2457 litteras
414 2394 485 2458 lieri
516 2398 548 2459 et
579 2393 685 2474 sigillo
708 2400 817 2458 nostro
841 2394 954 2459 maiori
985 2393 1138 2458 iussimus
1161 2390 1359 2456 communiri.

60 2506 179 2568 uatum
196 2505 376 2570 llunerstat
390 2526 472 2570 anuo
489 2507 609 2571 domiui
632 2506 803 2570 millesimo
823 2506 1047 2571 trecentesimo
1070 2503 1221 2569 vicesimo
1237 2501 1358 2584 quinto,

59 2618 101 2680 ll‘
126 2636 228 2680 nouas
252 2616 453 2683 Nouembris,

164 2726 284 2793 original
303 2745 318 2778 r
336 2728 446 2781 arclrivu
466 2746 499 2782 nr.
519 2729 607 2796 l'raby
627 2730 646 2797 l,
665 2733 687 2783 d.
707 2738 730 2783 2.
759 2731 884 2798 Sprekub
902 2731 1086 2797 zuchovonou‚
1108 2745 1143 2781 ua
1160 2727 1360 2781 berveuodlutd

58 2823 141 2874 iiidie
160 2822 237 2874 risici
261 2826 350 2891 pedeti
374 2823 449 2875 liralo
467 2824 552 2890 Jana3
577 2841 612 2877 ua
632 2824 699 2892 jejii
724 2824 820 2893 pledut
845 2828 937 2879 strand
956 2824 1161 2892 Lucembursky
1184 2823 1255 2877 znalr
1283 2841 1295 2875 s
1315 2824 1359 2875 nd·

57 2918 145 2985 pisern
167 2917 321 2977 „Secretunr
341 2918 475 2971 lobannis
499 2919 571 2986 regis
590 2920 700 2974 Boenrie
723 2928 751 2974 et
773 2921 880 2974 comitis
899 2920 1170 2988 Inrcemlnrrgensis“.
1205 2919 1267 2973 List
1284 2926 1359 2971 tento

57 3010 202 3078 potrrdili:
221 3011 351 3079 Sigmund
370 3029 385 3062 r
404 3013 488 3067 l'roze
507 3022 548 3067 bo.
562 3031 646 3083 srpna
661 3021 735 3082 1436,
753 3015 909 3069 Ferdinaud
922 3016 941 3069 1.
955 3032 990 3069 no
1002 3015 1086 3068 luade
1098 3015 1246 3068 Pradskem
1259 3021 1283 3066 4.
1297 3030 1359 3082 pro·

57 3108 133 3159 since
162 3112 242 3170 15583
269 3107 421 3160 l'erdinaud
446 3110 478 3162 ll,
502 3125 533 3161 ve
558 3109 638 3162 Vidni
661 3117 686 3164 8.
711 3111 903 3178 dubna1627;
931 3109 1085 3165 Ferdiuand
1104 3111 1149 3164 111.
1174 3128 1190 3161 v
1208 3109 1360 3176 Preipnrce

60 3211 96 3255 13.
124 3202 225 3254 licetne
254 3208 333 3268 16111;
358 3202 443 3256 blarie
468 3205 577 3258 'l'eresie
602 3203 627 3258 d.
653 3222 683 3259 ve
708 3206 788 3259 Vidui
816 3214 854 3260 lo.
880 3210 978 3260 berino
1000 3212 1064 3259 1717
1090 3205 1269 3259 ol'rautisek
1290 3205 1308 3257 1.
1328 3219 1359 3256 ve

57 3295 139 3349 l'idui
161 3305 202 3348 13.
221 3296 414 3351 kretna1sos.
436 3297 559 3366 „Vy'lrlad
578 3300 658 3354 tehod
677 3301 846 3369 privilegium
859 3319 894 3356 ua
906 3303 1014 3370 desko,“
1030 3303 1128 3369 jlmirto
1147 3301 1208 3354 kral
1226 3300 1280 3353 Jan
1297 3314 1358 3364 „nu-

56 3390 225 3455 nuntietur,
250 3392 301 3460 abr
320 3391 396 3455 diiri,
420 3392 513 3446 loterel
538 3411 566 3448 se
589 3411 623 3463 po
645 3396 706 3448 iece
725 3396 823 3449 Vitare
847 3398 884 3449 ku
907 3397 990 3451 l'ruze
1013 3397 1095 3466 plavi,
1118 3414 1134 3448 v
1155 3394 1286 3448 Podskali
1305 3392 1358 3460 pii-

56 3487 205 3539 starordno
225 3502 241 3537 a
260 3484 391 3539 skladriuo
404 3486 466 3554 bylo
480 3504 496 3540 u
508 3489 539 3540 io
553 3488 672 3541 mestuus
684 3488 792 3542 Pradstr'
810 3490 845 3542 od
865 3490 1011 3559 nidddnpicb
1032 3492 1121 3559 linem,
1139 3490 1196 3543 bud
1213 3487 1357 3554 svdtslqlch

55 3582 104 3632 neb
118 3579 272 3647 ielrolnieh‚
285 3581 302 3632 k
316 3580 447 3634 idduemu
465 3583 549 3651 prdru
568 3583 648 3637 minuo
662 3585 708 3637 sve
721 3585 885 3652 potabovdui
898 3587 952 3654 by'ti
965 3587 1087 3655 neniajq‘*
1101 3586 1196 3639 ualeat
1208 3599 1237 3638 se
1250 3601 1265 3635 v
1278 3582 1357 3634 kirize

54 3676 191 3744 privilegii
209 3676 449 3744 storornestsny'cu
473 3696 487 3730 z
510 3696 530 3731 r.
555 3685 620 3732 lbos
639 3682 661 3733 d.
679 3688 729 3732 ’1112
755 3688 802 3734 str.
828 3689 843 3732 11
869 3682 1016 3734 ovknize
1040 3680 1240 3735 Noromestskd
1264 3683 1286 3732 d.
1306 3685 1353 3731 331

52 3783 100 3825 str.
121 3778 156 3823 bs
179 3787 193 3820 r
214 3771 286 3824 arch.
306 3788 340 3824 m.
361 3771 456 3839 l’rahy.

638 3861 702 3946 (lis.
728 3884 778 3947 14.

404 4014 502 4082 1327.
539 4017 594 4084 22.
620 4019 821 4105 listopadu.
856 4022 1020 4090 Trident

48 4153 181 4236 Ile'slcup
202 4150 390 4235 Tridculslqj
403 4150 553 4216 Jinda‘cb
568 4156 717 4241 poculuje
737 4157 929 4243 obyculelrlm
946 4140 1029 4237 Coeli,
1053 4161 1169 4225 I’olska
1185 4186 1205 4225 α
1222 4161 1357 4246 Morovy

204 4263 362 4349 scobodmj
378 4266 515 4346 priclsod
537 4291 556 4330 o
581 4268 698 4332 odelcod
719 4294 734 4334 s
759 4274 851 4335 cre'crmc'
875 4295 907 4336 ce
928 4275 1009 4337 eodm
1031 4272 1213 4358 biekupetvc‘.

161 4422 274 4485 Frater
301 4420 470 4489 Heinrieus
502 4426 553 4490 dei
584 4432 616 4489 et
646 4427 821 4508 apostolice
851 4431 937 4495 sedis
964 4431 1071 4512 gracia
1091 4433 1260 4516 episcopus
1287 4436 1355 4500 Tri-

39 4535 206 4600 dentinus
231 4536 389 4599 uniuersis
421 4545 453 4601 et
476 4538 611 4617 siugulis
635 4542 780 4620 personis
811 4548 919 4608 nostre
947 4544 1166 4626 jurisdicionis
1198 4547 1354 4629 uobisque
