3068 5160
128 408 133 415 -
215 392 277 453 113
822 388 896 436 raca.

204 616 263 661 nec
286 616 349 661 non
372 595 491 659 Montis
515 592 723 657 Cbuttneusis
746 598 779 656 et
800 590 888 674 opidi
909 589 1094 670 Sulczbach,
1117 590 1174 673 qui
1191 609 1278 657 nunc
1301 599 1378 658 sunt
1399 591 1497 674 etqui

203 715 358 790 perpetuo
374 707 494 771 luerint
511 706 544 769 iu
568 704 719 783 futurum,
744 704 962 785 cuiuscunque
978 703 1096 786 operis,
1119 709 1233 782 status,
1257 705 1496 786 negociacionis,

205 822 301 886 officii
332 820 385 884 uel
417 818 613 884 condicionis
644 817 792 895 existant,
823 834 843 879 a
872 816 1076 897 prestatione
1103 822 1138 881 et
1166 816 1334 882 solucione
1355 818 1496 895 thelonei,

205 935 289 1018 quod
312 934 345 996 iu
360 929 578 996 frankenford
602 948 699 1011 super
712 928 885 1010 Moganum
909 928 968 993 sub
988 947 1178 1013 quocunque
1197 934 1358 1013 pretextu,
1380 932 1497 996 nomine

206 1045 257 1110 uel
283 1045 389 1110 colore
412 1063 432 1108 6
454 1043 697 1125 quibuscunque
710 1041 858 1124 personis
871 1059 929 1106 seu
945 1041 1161 1125 quarumlibet
1174 1059 1388 1125 personarum
1402 1044 1495 1120 rebus,

207 1158 299 1222 bonis
322 1163 356 1222 et
377 1155 537 1221 mercibus
567 1154 809 1237 quibuscunque
832 1153 972 1236 exigitur
993 1161 1027 1220 et
1047 1155 1183 1234 leuatur,
1214 1154 1377 1238 imperiali
1399 1163 1495 1221 aucto

207 1271 301 1334 ritate
324 1289 362 1333 ex
387 1273 474 1332 66116
504 1266 644 1332 66161616
675 1271 785 1331 nostra
814 1267 993 1346 eximimus,
1026 1266 1223 1332 absoluimus
1247 1273 1281 1333 et
1301 1274 1415 1334 tenore
1435 1287 1495 1350 pre

207 1382 350 1446 saucium
373 1379 560 1445 libertanrus
583 1398 621 1443 ac
642 1384 816 1460 exemptos,
853 1379 975 1445 solutos
997 1386 1032 1445 et
1053 1379 1173 1444 liberos
1195 1381 1363 1462 perpetuis
1384 1388 1493 1462 tempo

207 1494 296 1558 ribus
319 1510 390 1557 esse
413 1493 529 1557 debere
553 1491 723 1556 statuimus
750 1492 790 1556 de
812 1492 1011 1574 plenitudine
1035 1510 1162 1556 cesaree
1183 1493 1367 1575 potestatis,
1400 1501 1494 1558 61616

207 1607 301 1670 ritate
320 1610 354 1669 61
367 1610 525 1686 potestate
541 1604 604 1668 iam
619 1603 724 1684 dictis,
747 1603 974 1669 nichilominus
989 1604 1207 1687 decernentes,
1231 1606 1319 1688 quod
1332 1605 1492 1687 exemptio,

208 1717 372 1783 absolucio
394 1722 427 1782 et
449 1717 615 1782 libertacio
638 1716 821 1781 huiusmodi
843 1722 953 1781 nostra
974 1715 1073 1782 nullis
1096 1717 1211 1782 debeat
1229 1715 1363 1797 infringi
1386 1724 1493 1799 tempo

208 1831 297 1894 ribus
332 1829 384 1894 uel
419 1829 661 1913 quibuscunque
692 1829 774 1893 dolis
808 1835 865 1894 aut
896 1828 1191 1893 machinacionibus
1224 1829 1348 1895 aboleri
1383 1848 1438 1895 seu
1465 1829 1492 1892 in

209 1942 340 2006 dubium
373 1942 528 2020 reuocari,
564 1941 620 2006 sed
652 1941 780 2022 plenam
814 1960 851 2005 ac
885 1940 1138 2023 irrefragabilem
1172 1940 1319 2007 obtinere
1352 1948 1490 2025 perpetuo

209 2053 402 2120 firmitatem.
427 2053 468 2118 Vt
490 2054 575 2118 enim
598 2053 781 2118 huiusmodi
803 2059 913 2118 nostra
938 2054 1102 2136 exempcio
1125 2060 1159 2119 et
1179 2054 1348 2120 libertacio
1370 2057 1405 2121 in
1425 2053 1491 2121 obli·

210 2167 338 2230 aionem
368 2186 432 2231 non
462 2172 614 2244 transeat,
645 2167 702 2230 sed
731 2166 849 2246 iugiter
878 2166 1052 2231 stabilitate
1084 2166 1187 2232 solida
1207 2173 1405 2249 perseueret,
1432 2183 1489 2230 cun

211 2284 342 2356 constet,
366 2279 451 2360 quod
474 2278 630 2361 prefatum
653 2278 847 2358 theloneum,
871 2279 1060 2361 quibusdam
1077 2279 1179 2345 leodis
1195 2280 1419 2357 castrensibus,
1441 2294 1488 2361 que

211 2411 229 2453 a
252 2409 342 2454 sacro
364 2391 507 2455 Romano
530 2392 710 2472 dependent
733 2391 876 2472 imperio,
900 2386 1137 2473 incorporatum
1152 2392 1294 2476 antiquis
1308 2391 1488 2475 temporibus

210 2504 333 2568 exstitit
354 2509 388 2568 et
409 2522 577 2582 annexum,
600 2522 640 2568 ne
663 2522 721 2587 per
742 2503 980 2584 exemptionem
1000 2504 1183 2569 huiusmodi
1205 2503 1284 2569 talia
1307 2503 1410 2584 feudo,
1430 2517 1487 2585 yut

211 2615 353 2679 feudales
377 2616 438 2696 ipsi
461 2616 529 2679 suis
551 2616 743 2680 utilitatibus
759 2621 792 2680 61
806 2617 1014 2698 prouentibus
1038 2616 1275 2696 defraudentur,
1299 2617 1371 2682 1666
1391 2611 1486 2699 prefati

209 2727 350 2792 thelonei
380 2727 462 2792 alios
491 2728 636 2792 redditus
667 2748 730 2792 non
760 2728 864 2792 solum
893 2728 1144 2811 cquipcllentes,
1175 2730 1232 2794 sed
1262 2731 1350 2795 iusta
1379 2729 1486 2794 racione

211 2840 321 2904 habita
342 2839 485 2904 utiliores
508 2846 541 2904 et
563 2841 670 2920 plures
694 2859 732 2904 ac
753 2841 854 2905 eciam
885 2843 988 2923 magis
1019 2847 1122 2907 certos
1152 2848 1264 2926 parata
1290 2849 1324 2908 et
1346 2835 1484 2926 personali

211 2953 346 3033 pecunia
380 2958 489 3016 nostra
511 2954 550 3016 de
573 2972 672 3034 regno
702 2958 811 3017 nostro
834 2953 966 3018 Boemie
998 2961 1147 3036 percepta
1169 2956 1323 3020 emendos
1354 2949 1484 3020 66116116

212 3064 313 3127 leodis
337 3071 369 3128 61
391 3064 571 3129 feudalibus
595 3066 627 3129 11
651 3065 907 3147 supplementum
925 3066 1068 3132 defectus
1083 3067 1267 3133 huiusmodi
1281 3072 1316 3133 61
1328 3073 1483 3134 restauruu

212 3177 355 3240 eiusdem
377 3177 520 3242 thelonei
535 3178 682 3243 duximus
697 3179 861 3257 vnienuos,
879 3179 924 3242 ita
940 3180 1024 3261 quod
1040 3180 1181 3244 euidenti
1194 3181 1375 3262 juratorum
1389 3178 1482 3243 ciuium

212 3296 393 3352 nostrorum
416 3290 779 3354 Fr·anlrenfuerrlensium
802 3291 985 3355 testimonio
1008 3310 1045 3355 66
1067 3291 1241 3356 feudalium
1268 3293 1410 3374 ipsorum
1430 3304 1483 3354 661·

212 3401 351 3465 16661616
381 3407 556 3482 spontanea
579 3401 663 3464 clare
690 3403 844 3480 consistit,
877 3404 961 3468 sicut
986 3410 1119 3484 constat,
1143 3403 1247 3470 feudis
1270 3411 1305 3470 et
1326 3401 1481 3470 feudalibus

213 3514 381 3577 antedictis
413 3532 509 3595 super
531 3515 727 3579 ammocione
751 3520 784 3579 et
805 3516 1010 3595 deposicione
1032 3515 1146 3598 prefati
1175 3517 1318 3582 thelonei
1341 3535 1411 3582 esse
1431 3525 1480 3577 611

212 3627 364 3707 predictis
396 3627 574 3691 redditibus
605 3647 668 3691 161
699 3627 803 3692 solum
825 3629 866 3691 ad
889 3629 972 3693 iuste
994 3630 1132 3694 racionis
1155 3629 1417 3711 equiualenciam,
1444 3617 1482 3687 Stil

213 3735 314 3801 eciam
336 3738 419 3803 ultra
442 3740 584 3804 debitum
611 3739 818 3805 satisfactum.
863 3740 951 3804 Nulli
975 3760 1051 3822 ergo
1075 3742 1203 3807 omnino
1225 3742 1390 3808 hominum
1411 3735 1483 3803 liceat

213 3848 294 3912 hanc
316 3851 465 3931 paginam
488 3858 595 3916 nostre
626 3853 803 3917 maiestatis
834 3853 1006 3935 iufringere
1037 3854 1087 3918 rel
1111 3855 1141 3918 ei
1164 3855 1280 3936 quouis
1306 3858 1483 3920 ausuram

213 3962 291 4024 raris
329 3964 495 4028 contraire.
548 3965 581 4027 Si
612 3966 683 4046 quis
707 3972 813 4029 autem
837 3967 1029 4030 contrarium
1053 3973 1242 4047 attemptare
1265 3959 1485 4049 presumpserit·

214 4070 468 4152 indignacionem
492 4082 681 4141 nostramet
702 4096 817 4158 penam
841 4085 966 4142 centum
985 4097 1163 4143 marcarum
1186 4079 1256 4143 auri
1278 4081 1352 4163 puri
1374 4078 1488 4145 tociens,

215 4185 366 4262 quociens
390 4188 617 4252 contrafactum
641 4189 746 4268 fixerit,
771 4209 805 4253 se
828 4191 954 4255 nouerit
969 4210 1007 4255 eo
1024 4193 1093 4273 ipso
1118 4193 1386 4258 irremissibiliter
1402 4192 1490 4257 incur·

215 4311 333 4373 sumum,
366 4317 498 4377 quarum
522 4301 725 4365 medietatem
748 4302 925 4382 imperialis
947 4302 1017 4367 fisci
1041 4305 1151 4383 nostri,
1184 4304 1342 4387 reliquam
1364 4302 1494 4371 161616

215 4422 321 4468 sorum
352 4408 461 4473 usibus
491 4414 661 4477 statuimus
691 4414 855 4496 applicari.
902 4415 1033 4498 Signum
1064 4418 1262 4482 serenissimi
1291 4419 1447 4503 principis
1472 4419 1499 4478 et

213 4518 343 4598 donrini,
361 4520 480 4584 domini
491 4524 601 4588 liaroli
618 4527 723 4607 quarti
734 4528 947 4593 Romanorum
960 4530 1161 4611 imperatoris
1178 4531 1386 4597 inuictissimi
1397 4540 1431 4598 et
1442 4531 1501 4614 glo
