3068 5160
165 379 209 441 50
779 377 854 425 1337.

167 586 332 666 cupientes
362 582 552 646 dilectorum
583 581 675 645 nobis
706 581 824 645 ciuium
848 581 1014 645 ciuitatum
1044 581 1311 663 subscriptarum,
1344 584 1448 649 scilicet

167 696 337 778 bragensis
359 695 504 769 Minoris,
527 692 702 771 sionensis,
724 694 893 773 Lunensis,
917 692 1135 773 blelnioensis‚
1159 695 1448 765 Lutlromericensis.

167 810 335 875 [sirensis.
358 806 532 883 Pirnensis,
554 807 734 885 Pontensis,
757 805 914 875 Secensis.
938 805 1146 886 Cndanonsis,
1173 806 1450 876 Slalrenwonlensis

166 932 199 987 et-
214 922 408 999 Cubitensis‚
431 920 487 1003 qui
508 919 706 1000 temporibus
728 920 896 984 retroactis
917 937 976 1000 per
993 937 1151 1000 expensas
1169 922 1365 1001 exoessiuas
1386 940 1450 1006 quas

168 1035 406 1112 subcamerarii,
429 1033 485 1115 qui
499 1050 558 1114 pro
572 1040 716 1112 tempore
730 1030 869 1110 fuerunt
891 1032 925 1096 in
946 1031 1100 1114 predictis
1123 1033 1312 1099 ciuitatibus
1327 1036 1451 1119 quando

167 1168 229 1230 que
244 1149 314 1211 sine
330 1165 426 1210 causa
441 1145 594 1211 iecenmt
617 1150 692 1209 sunt
708 1144 883 1227 plurimum
903 1145 1080 1226 awaucti
1104 1146 1354 1213 comoditstibus
1374 1147 1451 1213 euec-

166 1259 297 1324 tualiter
326 1259 506 1340 prouidere,
530 1259 710 1325 statuimus.
742 1258 922 1322 sanccimus
944 1263 977 1322 et
997 1266 1108 1322 tenore
1130 1259 1337 1341 presencium
1359 1261 1451 1325 ‹leocr-

169 1374 284 1437 uimus.
315 1372 502 1435 mandantes
532 1371 591 1435 hec
621 1371 750 1435 inantea
777 1369 912 1434 firmiter
941 1369 1116 1449 obseruari,
1138 1376 1174 1435 vt
1198 1372 1450 1448 suboamomrius

168 1485 223 1567 qui
246 1485 375 1548 inantea
402 1482 509 1549 fuerit
540 1483 655 1547 debeat
676 1483 718 1546 ad
740 1483 888 1547 ciuitates
917 1483 1118 1564 supradictas
1141 1484 1181 1548 ad
1205 1502 1322 1551 causes
1343 1485 1450 1569 aliquas

169 1599 201 1662 iu
225 1597 304 1679 ipsis
327 1595 473 1659 ammodo
505 1595 701 1673 iudicandas,
731 1602 765 1659 et
793 1613 891 1676 super
920 1594 1036 1678 quibus
1066 1596 1106 1660 ad
1136 1614 1212 1661 eum
1236 1595 1336 1663 fuerit
1359 1597 1452 1681 appel·

169 1710 279 1775 lutum.
302 1708 362 1772 sub
384 1708 533 1789 expensis
555 1714 589 1771 et
610 1708 790 1789 sumptibus
807 1708 947 1789 propriis
962 1708 1103 1787 visitare,
1125 1708 1233 1774 nullas
1256 1728 1451 1793 expensarum

169 1820 414 1904 procurationes
443 1821 484 1884 ab
506 1820 626 1885 eisdem
650 1820 775 1884 ciuibus
797 1821 838 1884 cle
861 1828 967 1885 cetero
993 1820 1160 1902 exigendo.
1205 1822 1359 1889 Preterea
1379 1824 1451 1888 ciues

170 1935 336 1999 ciuitatum
365 1934 580 2014 predictamm
602 1952 622 1995 a
644 1934 778 1998 dacione
800 1951 978 2015 pannorum
1000 1932 1193 2015 Yprensium
1224 1940 1259 2000 et
1288 1954 1450 2009 munemn,

170 2051 224 2133 qui
247 2057 279 2112 et
302 2066 365 2130 que
386 2047 427 2110 ab
449 2047 507 2113 eis.
538 2047 691 2128 quociens
720 2046 794 2128 quis
822 2046 863 2110 ad
893 2046 978 2110 idem
1007 2045 1298 2113 subcamerarintus
1330 2048 1450 2115 officium

171 2182 227 2244 pu·
250 2180 308 2226 nos
331 2160 497 2224 institutus
518 2158 624 2225 luerit.
647 2176 686 2222 ex
709 2158 938 2223 consuetudine
959 2159 1179 2223 tantummodo
1202 2159 1336 2226 inducta
1356 2168 1389 2226 et
1407 2176 1452 2242 per

171 2296 229 2341 uos
252 2294 309 2339 seu
332 2272 576 2355 predecessores
598 2278 724 2335 nostms
745 2289 839 2352 reges
860 2270 992 2335 Boemie
1013 2289 1114 2354 usque
1141 2273 1235 2337 modo
1258 2274 1389 2338 minime
1409 2290 1450 2353 ap

172 2390 304 2472 probsts
327 2385 413 2466 erim
427 2396 459 2457 et
474 2384 574 2466 recipi
597 2394 841 2461 consueuerrmt,
865 2384 1046 2464 benigniter
1063 2391 1300 2466 supportamus,
1325 2387 1369 2451 ita
1382 2382 1450 2468 quod

172 2505 212 2568 erl
243 2502 410 2567 stacionem
440 2515 617 2581 pannmum
645 2495 820 2561 eorundem
851 2514 909 2561 seu
940 2515 1107 2561 munerum
1130 2498 1193 2579 ipsi
1219 2498 1450 2569 subcamerario,

172 2620 226 2700 oui
250 2636 308 2698 pro
330 2626 473 2694 tempore
495 2610 601 2675 inerit
624 2609 802 2673 iscienrlum
823 2628 888 2674 non
911 2609 976 2674 sint
997 2610 1037 2674 de
1053 2616 1158 2675 cetero
1181 2610 1366 2693 aliqualiter
1386 2607 1451 2676 obli·

173 2733 247 2797 eati
287 2726 441 2787 Volumus
463 2724 575 2789 eciem.
598 2730 630 2786 rr
654 2721 743 2785 ciues
773 2740 830 2786 seu
854 2722 950 2785 iurati
980 2722 1146 2786 ciuitatum
1175 2722 1380 2804 prolatarum,
1409 2716 1451 2804 qui

174 2862 207 2903 se
240 2837 442 2901 lamlabiliter
462 2840 712 2920 {ccrnseruamnt
733 2835 866 2917 ,possint
895 2840 929 2898 ct
957 2835 1094 2900 debeant
1122 2853 1180 2916 pro
1210 2837 1357 2918 quolibet
1384 2847 1452 2900 anu⁰

174 2966 292 3014 statutt.»
315 2949 451 3012 triennio
475 2952 514 3014 cle
538 2948 672 3013 consilio
693 2948 856 3012 seniorum
877 2955 911 3012 et
933 2948 1169 3013 communitatis
1185 2948 1306 3012 ciuium
1330 2944 1454 3015 ciuitatis

175 3064 391 3142 cuiuscunque
422 3063 502 3125 alim
534 3063 654 3126 inuitos
683 3061 813 3142 eligere.
844 3061 889 3124 ita
911 3061 997 3142 quod
1026 3079 1153 3142 semper
1183 3078 1239 3125 sex
1269 3057 1453 3143 personet

175 3175 333 3255 prioribus
366 3176 477 3238 iuratis
508 3196 566 3257 pro
597 3173 730 3239 consilio
762 3179 948 3237 remaneant
973 3174 1125 3253 cumeis,
1158 3191 1239 3255 quos
1269 3193 1329 3254 pro
1358 3175 1454 3240 eodem

175 3306 256 3350 anim
281 3289 319 3350 ele
343 3306 425 3349 nouo
449 3289 594 3351 orirerur
618 3286 793 3367 eligendos
816 3285 872 3367 qui
894 3287 996 3350 eciam
1023 3305 1079 3351 sex
1100 3305 1157 3368 pro
1180 3304 1264 3350 anno
1287 3288 1388 3353 tercio
1409 3287 1457 3349 im·

176 3401 290 3461 irrrrtmi
317 3399 485 3464 ‹lelebrmt
532 3401 679 3463 lbeterea
709 3397 920 3463 decemimus.
950 3401 1035 3480 quod
1065 3399 1152 3463 ciues
1183 3416 1240 3462 seu
1271 3399 1369 3465 iurati
1391 3394 1457 3464 ciui·

174 3524 274 3576 tatum
299 3512 511 3594 predictarum
528 3513 663 3576 habeam
680 3511 851 3576 homicidia
865 3521 896 3575 et
912 3510 1071 3593 quaslibet
1093 3512 1173 3575 alias
1193 3530 1318 3593 causas,
1344 3513 1458 3578 casibus

174 3638 205 3689 et
237 3627 341 3689 causis
369 3625 460 3688 nobis
492 3626 532 3689 ab
562 3626 693 3706 antiquo
723 3624 898 3689 resumatis
927 3625 1091 3689 dumtaxat
1120 3624 1272 3706 exceptis,
1300 3625 1457 3707 presertim

175 3761 272 3821 super
302 3740 417 3821 quibus
441 3740 480 3801 arl
511 3757 568 3801 nos
600 3738 651 3802 uel
682 3739 722 3802 ad
753 3738 857 3817 ipsum
888 3737 1157 3802 subcamerarium
1187 3736 1384 3818 appellatum
1405 3750 1458 3801 nou

174 3855 324 3919 extiterit.
357 3852 516 3915 indicandi
549 3853 634 3914 iuxta
665 3852 734 3914 iura
765 3851 906 3932 ipsorum
930 3848 1039 3914 ciuilis
1060 3849 1186 3930 plenam
1209 3855 1242 3914 et
1264 3848 1400 3915 liberam
1420 3850 1460 3913 in·

175 3978 267 4031 antea
297 3974 497 4046 potestatem.
546 3964 680 4043 lrrsupmr
702 3963 858 4028 volturius.
882 3970 913 4027 rt
936 3962 1076 4027 uniuersi
1098 3966 1132 4026 et
1154 3962 1281 4042 singuli,
1310 3964 1366 4046 qui
1387 3964 1460 4028 bora

174 4096 361 4162 «plerunque
388 4078 563 4157 antiquitus
587 4077 626 4138 cul
650 4077 796 4140 ciuitates
820 4077 978 4157 prmlictas
1007 4080 1189 4140 mensurata
1209 4075 1386 4156 possident,
1415 4075 1460 4139 de

175 4194 270 4253 imunt
294 4190 494 4253 corrtribuere
518 4190 556 4252 cle
573 4190 693 4252 eisdem
717 4209 788 4253 eum
811 4189 905 4252 rlirtis
924 4189 1109 4253 ciuitatibus
1131 4192 1164 4251 et
1185 4186 1312 4253 ciuibus
1335 4183 1458 4269 inipso

176 4301 389 4367 resilientibus
412 4303 451 4364 rrrl
475 4321 570 4365 cumin
595 4301 734 4382 qrrelibet
759 4301 984 4382 supportanda,
1014 4300 1131 4365 litteris
1160 4300 1279 4363 nostris
1302 4300 1344 4365 de
1365 4314 1457 4364 exem·

176 4416 288 4497 poium·
320 4413 499 4475 luriusruodi
531 4414 666 4493 cuipiam
698 4433 835 4496 pernes
858 4414 941 4477 ‹lert-is
967 4432 1030 4477 non
1057 4411 1265 4491 obstantibus,
1297 4431 1377 4495 quas
1397 4425 1456 4492 pre·

176 4526 320 4591 scutilum
338 4543 533 4591 ruruuaums.
557 4526 689 4591 tinnitor·
712 4537 898 4593 statuentes.
921 4534 953 4591 st
976 4526 1031 4591 hii.
1055 4525 1108 4607 qui
1128 4542 1224 4606 super
1244 4529 1365 4591 lenam
1386 4524 1457 4590 bona
