3090 5370
119 474 181 537 102
729 467 804 517 1355.

116 686 277 760 parentur.
302 675 513 758 personaliter
527 673 647 739 luerint
668 673 864 756 reprehensi.
888 690 968 754 quos
991 690 1011 735 a
1032 671 1252 753 prohibicione
1275 671 1424 754 legitima

119 790 266 855 nolumus
298 788 461 867 custodiri,
491 792 588 871 prout
616 787 719 853 eciam
749 785 908 850 referente
935 783 1205 850 excellentissima
1226 784 1423 867 principissa

118 905 246 967 donnino
267 900 435 967 Elisabeth
457 898 510 965 dei
529 899 638 982 gracia
661 900 772 980 regina
795 897 971 979 Hungarie,
1001 897 1158 980 genitrice
1188 904 1300 963 nostra
1323 901 1423 963 caris·

116 1018 207 1091 sinna,
232 1023 265 1080 et
287 1033 346 1079 nos
361 1014 402 1079 de
416 1013 477 1078 hoc
492 1011 687 1077 certificante
710 1032 768 1094 per
791 1012 954 1076 dominum
973 1011 1130 1077 Karulum
1152 1030 1272 1093 regem.
1297 1017 1422 1092 patrem

118 1135 262 1194 nostrum
282 1126 488 1202 antedictum,
504 1125 633 1189 easdem
651 1124 817 1190 libertates
834 1124 1066 1189 mercatoribus
1089 1124 1130 1189 de
1151 1143 1250 1205 regno
1266 1123 1424 1189 Bohenrie

119 1241 279 1306 uniuersis
302 1238 510 1319 cognouimus
533 1236 711 1301 liberaliter
727 1256 896 1303 concessas
918 1237 1064 1302 extitisse
1086 1236 1268 1301 litterarum
1291 1254 1422 1301 suarum

123 1375 161 1419 ex
180 1355 301 1433 uigore.
324 1350 372 1415 Ex
387 1350 510 1432 hocque
525 1350 692 1414 rniuersos
711 1350 862 1432 prelatos.
880 1351 1028 1427 barones,
1052 1350 1194 1427 comites,
1218 1349 1422 1425 castellanos,

119 1465 243 1531 nobiles
266 1481 441 1545 eorumque
456 1460 620 1531 officiales.
639 1481 696 1527 nec
711 1481 775 1527 non
791 1463 940 1528 ciuitates
954 1468 988 1528 et
1001 1462 1121 1528 liberas
1136 1461 1230 1526 rillas
1246 1481 1423 1545 earumque

119 1586 260 1641 rectores
276 1582 309 1639 et
323 1573 517 1655 generaliter
532 1575 674 1641 cuiusuis
698 1581 801 1638 status
824 1582 856 1639 et
879 1574 1078 1640 condicionis
1091 1575 1239 1640 homines
1262 1576 1296 1640 in
1319 1594 1421 1655 regno

120 1694 229 1754 nostro
245 1685 444 1762 constitutos,
467 1703 603 1767 quorum
626 1687 744 1750 notieie
767 1687 968 1768 presencium
983 1687 1190 1769 peruenerint
1209 1688 1422 1759 continencia,

120 1801 225 1865 edicto
247 1799 337 1881 regio
358 1796 540 1862 firmissime
572 1797 788 1879 prohibemus,
820 1817 860 1863 ne
883 1799 945 1880 ipsi
970 1807 1164 1865 mercatores
1188 1800 1368 1881 Pragenses
1392 1807 1424 1864 et

120 1911 431 1992 Nemmburgienses
461 1918 645 1991 prenotatos
675 1929 884 1975 cumeorum
908 1910 1004 1976 rebus
1033 1918 1067 1976 et
1097 1911 1190 1977 bonis
1223 1912 1257 1976 in
1288 1931 1423 1993 regnum

120 2030 265 2091 nostrum
286 2023 451 2089 venientes
473 2041 531 2104 pro
557 2022 751 2101 excessibus,
783 2023 900 2088 debitis
922 2030 957 2087 et
978 2022 1108 2088 offensis
1139 2024 1276 2088 aliorum
1299 2044 1424 2088 merca-

121 2115 227 2202 torum
252 2136 391 2201 audeant
411 2135 582 2216 prohibere
604 2133 655 2198 rel
678 2136 814 2199 arestari
836 2135 941 2201 lacere
964 2134 1092 2218 quoquo
1107 2137 1212 2213 modo,
1235 2137 1298 2202 nisi
1315 2137 1425 2218 iidem,

122 2256 154 2314 rt
169 2249 383 2332 premisimus,
406 2247 462 2329 qui
484 2246 645 2311 debitores
660 2248 810 2326 existunt,
834 2247 885 2313 rel
901 2248 935 2313 in
956 2248 1030 2314 aliis
1045 2248 1230 2314 excessibus
1245 2256 1278 2314 et
1292 2250 1426 2314 offensis

121 2382 179 2446 per
193 2362 319 2444 aliquos
335 2359 583 2442 inculparentur,
606 2359 725 2423 fuerint
744 2359 957 2441 personaliter
971 2360 1168 2442 reprehensi,
1191 2362 1246 2445 qui
1262 2364 1426 2428 mediante.

121 2475 250 2540 iusticia
271 2475 313 2539 ad
334 2473 488 2539 indicium
511 2472 606 2551 digne
629 2479 780 2553 poterunt
801 2473 947 2539 arestari.
991 2473 1030 2538 In
1052 2475 1144 2539 cuius
1166 2473 1214 2538 rei
1235 2475 1426 2540 memoriam

121 2585 368 2669 firmitatemque
396 2588 584 2667 perpetuam
614 2591 779 2665 presentes
811 2585 1027 2651 concessimus
1057 2585 1182 2651 litteras
1208 2593 1336 2651 nostras
1360 2589 1426 2669 pri·

123 2697 292 2779 uilegiales
321 2696 490 2780 pendentis
519 2701 553 2759 et
582 2697 748 2762 auttentici
772 2698 872 2779 sigilli
901 2698 1004 2764 nostri
1036 2698 1212 2763 munimine
1245 2699 1426 2766 roboratas.

125 2809 243 2873 Datum
264 2827 324 2890 per
343 2796 457 2872 manus
479 2809 671 2874 uenerabilis
695 2810 727 2874 in
751 2808 878 2875 Christo
904 2811 1005 2892 patris
1028 2810 1149 2875 domini
1171 2810 1297 2876 Nicolai
1320 2812 1426 2876 archi·

122 2919 264 3001 episcopi
277 2916 492 2991 Colochensis,
509 2920 582 2985 aulo
597 2928 706 2987 nostre
720 2922 902 2988 cancellarii
918 2922 1028 2988 dilecti
1042 2927 1076 2988 et
1089 2922 1194 2988 fidelis
1209 2925 1322 3002 nostri,
1339 2943 1424 2989 anno

124 3031 244 3096 domini
266 3031 438 3096 millesimo
457 3035 680 3099 trecentesimo
697 3035 962 3118 quinquagesimo
977 3036 1123 3117 septimo,
1139 3042 1252 3119 quarto
1269 3036 1427 3102 kalendas

125 3144 248 3226 :lgusti
272 3145 362 3225 regni
381 3152 487 3209 autem
507 3149 608 3212 nostri
623 3165 706 3212 anno
722 3146 845 3211 decimo
862 3154 962 3213 sexto.
984 3145 1230 3212 venerabilibus
1246 3148 1279 3212 in
1295 3147 1427 3214 Christo

124 3258 268 3339 patribus
291 3262 324 3321 et
346 3257 484 3359 dominis
506 3257 639 3323 Nicolao
663 3258 873 3340 Strigoniensi
896 3260 1023 3342 locique
1045 3260 1189 3326 eiusdem
1212 3262 1329 3325 comite
1351 3280 1427 3343 pcr-

124 3376 230 3452 petuo,
253 3368 404 3450 Wgulino
429 3368 610 3451 Spalatensi
632 3370 892 3454 archiepiscopis,
914 3371 1049 3438 Nicolco
1074 3371 1234 3454 Agrianai,
1257 3372 1426 3438 Demetrio

123 3482 334 3563 waradiensi,
344 3482 740 3562 DominicoTransiluano,
749 3482 881 3550 Nicolao
890 3483 1037 3567 Quinque
1048 3484 1268 3563 ecclesiarum,
1277 3483 1427 3552 Johanne

124 3595 367 3678 Vesprimiensi,
392 3592 564 3660 Colomano
588 3593 761 3674 lauriensi,
783 3595 904 3661 'lhoma
926 3592 1150 3677 Chanadiensi,
1181 3595 1342 3678 Stephano
1365 3597 1428 3663 Za·

124 3707 296 3789 arabicum,
319 3705 478 3772 llichaele
493 3704 660 3789 Vacyensi,
682 3706 777 3772 Petro
800 3704 959 3772 Boznensi
981 3707 1143 3787 fratribus,
1167 3707 1328 3791 Stephano
1349 3709 1428 3775 Nic·

125 3821 258 3896 cerensi,
285 3819 405 3884 Thomu
427 3816 600 3901 Syrmiensi
630 3819 789 3902 episcopis
819 3820 973 3885 ecclesias
997 3821 1050 3886 dei
1072 3819 1209 3886 feliciter
1240 3821 1425 3903 gubernan-

124 3929 227 4012 tibus;
258 3930 436 4012 magnificis
459 3929 537 3994 uiris
559 3930 692 3996 Nicolao
716 3929 823 3998 Gonch
851 3932 992 4014 palatino
1016 3939 1050 3998 et
1068 3933 1175 4016 jndice
1199 3931 1426 4009 Comanorum,

126 4042 254 4107 Andrea
275 4042 428 4126 uoyuoda
449 4041 672 4123 Transiluano,
696 4043 807 4127 Gykon
828 4045 982 4127 magistro
1001 4045 1267 4124 tanaranicorum,
1289 4044 1428 4111 Nicolao

122 4152 230 4234 judice
253 4155 340 4218 curie
363 4160 481 4231 nostre,
507 4153 641 4219 Nicolao
661 4154 744 4220 bano
767 4157 807 4222 de
830 4156 977 4236 Machou,
1008 4157 1200 4223 Leustachio
1222 4159 1313 4239 regni
1336 4156 1429 4223 Scla-

126 4263 221 4329 uonie
244 4262 394 4331 banatum
411 4272 550 4345 tenente,
566 4267 696 4332 Leukas
720 4267 935 4350 dapiferorum
958 4274 991 4334 et
1012 4269 1245 4351 pincernarum,
1269 4270 1428 4353 Dyonisio

125 4392 311 4455 agasonum,
333 4375 454 4443 Thoma
472 4379 646 4461 janitorum
667 4385 848 4445 nostrorum
863 4381 1026 4462 magistris
1049 4399 1086 4446 aa
1108 4382 1261 4464 magistro
1277 4380 1429 4465 Symone,

125 4486 194 4551 filio
215 4484 376 4565 Mauricii,
407 4491 522 4556 comite
544 4491 733 4557 Posoniensi
757 4493 894 4576 aliisque
917 4512 1013 4576 quam
1036 4495 1182 4576 pluribus
1209 4495 1299 4577 regni
1323 4497 1429 4560 nostri

127 4598 297 4664 comitatus
320 4602 503 4668 tenentibus
526 4611 559 4669 et
580 4603 728 4670 honores.
