3068 5160
684 333 758 383 leot.

645 520 709 604 Cis.
734 538 785 603 80.

460 708 562 776 1365.
599 710 655 778 28.
678 710 803 778 lednu.
839 710 973 778 Probe

62 875 161 941 Cicer*
182 877 281 941 Karel
303 883 461 964 zactovoje
483 880 551 945 obet
570 880 711 944 Velitne
733 884 829 945 mista
843 881 1018 948 Praebete
1039 884 1144 969 unqelt
1168 889 1241 950 vina
1263 891 1303 949 αἱ
1320 887 1360 952 do

216 991 378 1074 zoplaceni
399 993 464 1056 300
486 994 547 1076 Jeep
568 998 682 1079 prodito
704 993 889 1080 Pruiolcy'cb
905 998 962 1080 joi
979 1018 1032 1059 mu
1053 997 1212 1082 zuprijcbli.

168 1163 307 1229 Karolus
331 1172 462 1248 quartus
486 1168 598 1234 diuino
619 1167 747 1233 fauente
770 1168 944 1234 clemencia
957 1169 1170 1235 Romanorum
1185 1171 1358 1251 imperator

61 1295 191 1358 semper
213 1282 368 1357 augustus
391 1285 424 1344 et
446 1281 576 1346 Boemie
599 1299 664 1346 rex.
687 1279 805 1345 Notum
822 1279 955 1346 fecimus
970 1283 1173 1363 presentibus
1188 1284 1357 1361 uniuersis,

62 1389 150 1471 quod
173 1390 212 1454 de
234 1389 442 1470 benignitatis
464 1399 573 1458 nostre
596 1393 770 1458 clemencia
795 1392 929 1458 dilectos
952 1398 985 1457 et
1006 1391 1117 1459 fideles
1139 1401 1266 1459 nostros
1288 1414 1359 1461 sce·

60 1502 166 1580 binos‚
198 1518 362 1565 commune
393 1518 430 1564 ac
458 1498 698 1562 uniuersitatem
728 1502 836 1561 nostre
858 1496 992 1561 Maioris
1022 1498 1162 1563 ciuitatis
1184 1499 1355 1581 Pregensis

60 1615 102 1679 de
126 1613 233 1678 debito
263 1617 477 1676 trecentorum
508 1627 737 1690 sexagenamm
766 1626 951 1691 grossorum
974 1609 1192 1691 Pregensium,
1216 1630 1294 1695 quus
1319 1612 1359 1679 ob

61 1726 143 1807 ipsis
174 1731 283 1789 mutuo
313 1724 501 1804 recepimus,
529 1721 715 1802 indempnes
738 1721 871 1787 reddere
894 1722 1069 1804 cupientes,
1093 1723 1173 1805 ipsis
1194 1724 1358 1805 vngeltum
1458 1808 1460 1813 A

59 1838 128 1903 vini
151 1837 184 1900 in
208 1837 351 1918 predicte
366 1840 476 1900 nostra
491 1835 622 1899 ciuitate
638 1834 850 1916 obligauimus
874 1839 907 1900 et
928 1834 968 1899 de
991 1839 1078 1901 certe
1092 1840 1203 1901 nostre
1216 1835 1357 1901 sciencie

61 1949 266 2031 presentibus
300 1947 479 2028 obligemus
512 1946 702 2024 habendum,
740 1946 921 2026 tenendum,
957 1945 1172 2017 vtiiruendum
1201 1953 1235 2012 et
1255 1950 1357 2030 perci·

60 2061 213 2144 piendum
228 2078 328 2141 vsque
351 2060 391 2123 ad
413 2059 539 2140 plenam
555 2057 816 2123 extenuationem
838 2063 871 2122 et
889 2059 1101 2123 omnimodum
1116 2060 1358 2142 perceptionem

59 2178 276 2238 trecentarum
299 2188 529 2253 sexagenorum
544 2170 768 2252 predictarum,
793 2170 936 2235 volentes
951 2176 1059 2236 temen
1082 2178 1115 2236 et
1137 2172 1354 2251 decernentes,

61 2285 145 2367 quod
161 2283 224 2348 Vlu
240 2283 343 2347 dictus
360 2281 573 2363 Silbeczeiger
595 2283 676 2348 ciuis
694 2289 804 2348 noster
818 2283 988 2364 Pragensis
1004 2288 1077 2349 ente
1094 2302 1219 2349 onmem
1234 2284 1356 2364 obliga-

61 2398 187 2462 cionem
211 2401 244 2460 et
266 2395 464 2460 solucionem
487 2413 579 2459 suum
602 2394 743 2460 debitum
766 2394 806 2460 de
829 2396 913 2461 dicto
936 2395 1065 2477 vngelto
1082 2395 1177 2461 debet
1190 2396 1355 2479 percipere

60 2506 263 2590 integraliter
277 2513 310 2571 et
325 2507 365 2572 od
376 2507 516 2589 plenum,
533 2526 595 2589 quo
611 2506 693 2572 facto
709 2508 830 2573 scabini
847 2514 880 2574 et
890 2507 1082 2573 uniuersites
1097 2507 1232 2591 predicti
1246 2525 1359 2590 posse-

59 2622 184 2685 sionem
195 2619 415 2700 percepcionis
427 2619 547 2700 vngelti
564 2623 678 2684 extunc
694 2619 818 2700 ingredi
833 2625 984 2701 poterunt
995 2625 1028 2685 et
1039 2620 1209 2686 debebunt.
1223 2620 1362 2685 Prosen-

60 2734 144 2796 cium
164 2733 223 2796 sub
239 2737 347 2796 nostre
370 2732 546 2796 maiestatis
567 2730 674 2813 sigillo
697 2732 880 2797 testimonio
899 2731 1088 2798 litterarum.
1115 2733 1233 2798 Datum
1254 2733 1358 2814 Prage

58 2865 141 2910 anno
167 2845 287 2909 domini
310 2844 480 2909 millesimo
511 2845 733 2909 trecentesimo
757 2819 965 2926 sexagesimo
982 2845 1103 2927 quinto,
1127 2846 1179 2911 die
1201 2845 1358 2910 XXVIII⁰

57 2958 179 3023 mensis
195 2956 350 3036 Junuarii,
374 2976 544 3038 regnorum
566 2939 747 3021 nostrorum
770 2975 852 3020 anno
873 2957 1108 3038 decimonono,
1132 2959 1257 3053 imperii
1280 2977 1361 3023 uero-

57 3071 195 3135 decimo.

164 3241 247 3294 Liber
265 3240 468 3294 vetustissimus
487 3239 690 3308 privilegiorum
707 3242 729 3294 d.
747 3246 800 3294 993
820 3247 867 3294 str.
887 3246 901 3292 'l
920 3257 937 3292 v
955 3241 1065 3295 erchivu
1084 3259 1119 3296 m.
1137 3242 1234 3310 Prehy.

636 3489 700 3573 Cis.
724 3506 775 3571 81.

456 3681 560 3749 1363.
595 3678 788 3766 23111111.
823 3679 957 3748 Probe

54 3852 152 3919 Cisur‘
165 3853 264 3916 Karel
276 3854 298 3914 I
301 3852 332 3915 V.
348 3856 505 3937 zoetuuuje
520 3853 668 3937 rycbtdii,
687 3853 894 3937 melodum,
919 3851 1077 3916 1101131111
1099 3875 1120 3914 α
1135 3856 1184 3914 odi
1199 3851 1266 3915 obet
1280 3851 1351 3916 Sto·

56 3967 128 4029 relro
144 3967 240 4028 mitta
252 3964 427 4029 Praz'skdlro
440 3965 544 4050 tcnqelt
558 3968 634 4027 cina
649 3986 683 4027 ve
698 3965 763 4027 300
777 3965 895 4048 leopciob
909 3968 991 4027 etim
1006 3963 1184 4039 doloieuim,
1200 3971 1231 4029 ie
1242 3986 1286 4047 po
1300 3988 1350 4026 za·

49 4078 181 4160 placent
203 4078 303 4141 toboto
320 4076 436 4142 obnoerc
450 4077 556 4163 unpelt
573 4081 646 4140 uina
661 4080 730 4160 opit
744 4076 866 4141 bomem
882 4077 1048 4141 krdlooelce
1061 4077 1277 4160 prb'padoouti
1289 4081 1350 4140 mo.

159 4251 297 4316 Kurolus
321 4257 452 4334 quartus
475 4252 585 4317 diuina
606 4249 734 4317 fauente
754 4251 928 4319 clemencie
941 4252 1156 4317 Romanorum
1179 4252 1352 4334 imperator

52 4383 183 4446 semper
205 4370 360 4445 augustus
383 4369 416 4428 et
437 4364 568 4430 Boemie
600 4382 664 4429 rex.
709 4361 827 4429 Notum
858 4364 990 4429 fecimus
1017 4368 1128 4429 tenore
1150 4365 1351 4447 presencium

52 4477 226 4556 uniuersis,
243 4494 302 4541 nos
317 4477 419 4542 teneri
436 4483 469 4541 et
484 4477 639 4542 debitorie
655 4475 789 4558 obligari
805 4475 1058 4558 prudentibus..
1070 4477 1182 4559 jndici‚
1198 4477 1351 4559 magistro

1179 4612 1195 4659 s
