3090 5370
212 332 253 392 66
826 329 899 377 1341.

212 537 402 617 laugensem
422 554 551 616 pernes
569 538 618 600 ved
642 536 741 602 alium
757 538 861 604 medio
877 544 1020 620 tempore
1043 537 1082 603 ad
1106 537 1214 620 aliqua
1236 537 1382 616 seruicia,
1407 539 1514 603 realia

212 650 259 711 rel
285 650 474 729 personalia,
506 668 568 714 non
592 669 706 731 cogere
728 651 779 716 vel
802 668 937 732 grauare
959 650 993 714 in
1015 651 1162 732 personis
1185 656 1240 715 aut
1262 650 1358 715 rebus
1384 669 1511 730 eorum,

211 782 318 826 renum
349 781 403 825 eos
434 768 467 826 01
496 761 660 827 ciuitatem
688 762 865 844 predictam
887 762 920 826 in
943 763 1108 844 premissis
1139 761 1350 841 libertatibus,
1382 763 1511 828 iuribus

142 926 146 933 .
208 885 240 940 et
263 876 380 952 erariis
410 875 553 956 ipsorum
581 875 706 956 pridem
728 882 761 941 01
782 894 866 941 nunc
888 894 946 957 per
968 876 1131 941 dominum
1161 874 1338 955 genitorem
1361 880 1510 940 nostrum

208 988 386 1070 sepefatum
408 995 441 1053 et
463 1008 521 1054 nos
543 989 637 1056 factis
658 989 806 1055 volumus
828 989 1006 1071 graciosius
1032 1006 1233 1068 conseruare,
1265 988 1297 1052 id
1320 989 1427 1071 ipsum
1449 1009 1511 1071 per

207 1101 391 1182 caupitsneos
415 1107 448 1166 et
469 1099 622 1166 officiales
641 1108 777 1179 nostres,
797 1107 962 1184 presentes
985 1106 1018 1165 et
1039 1100 1173 1181 futuros,
1197 1100 1343 1165 volumus
1373 1106 1408 1165 et
1434 1122 1509 1184 pre·

207 1214 343 1294 cipimus
365 1233 423 1295 per
444 1214 563 1278 dictum
594 1213 795 1295 quadriennii
824 1216 951 1294 tempus
973 1210 1107 1277 firmiter
1129 1211 1304 1279 obseruari.
1351 1213 1389 1278 ln
1412 1216 1508 1279 cuius

204 1327 251 1389 rei
273 1325 491 1389 testimonium
507 1329 671 1405 presentes
686 1324 796 1389 literas
812 1323 909 1388 scribi
932 1328 966 1388 01
987 1323 1095 1404 sigillo
1111 1331 1220 1389 nostro
1236 1344 1275 1389 ex
1291 1330 1378 1390 certa
1394 1333 1508 1392 nostra

205 1439 344 1502 sciencia
365 1437 498 1502 lecimus
514 1437 713 1503 communiri.
736 1437 854 1501 Datum
869 1437 971 1516 Prage
992 1454 1075 1500 anno
1099 1435 1219 1502 domini
1243 1436 1415 1502 millesimo
1439 1445 1506 1504 tre-

199 1552 377 1615 centesimo
401 1549 637 1631 quiadrigesimo
659 1550 772 1630 primo,
796 1549 830 1613 in
844 1546 927 1612 festo
950 1548 1093 1629 corporis
1116 1546 1246 1615 Christi.

304 1722 388 1775 Liber
405 1721 610 1795 vetustissimus
629 1697 830 1789 privilegiorum
849 1721 871 1773 b.
890 1724 940 1772 993
961 1725 1008 1773 str.
1027 1724 1060 1772 65
1079 1736 1095 1772 r
1113 1719 1225 1776 archien
1244 1737 1277 1775 m.
1296 1720 1396 1790 Prcby.

779 1971 843 2056 (ils.
867 1991 919 2056 42.

580 2179 682 2248 1341.
717 2177 774 2246 15.
798 2179 949 2247 terune.
972 2178 1118 2280 ‘Praba
1152 2148 1158 2165 ’

201 2370 282 2434 lircil
304 2369 371 2434 Jau
392 2371 537 2454 spolecbed
552 2394 583 2435 ce
605 2392 709 2454 system
731 2371 816 2454 suy'm
839 2369 1064 2433 mardrubdtem
1083 2369 1214 2435 Kartera
1236 2370 1416 2457 esoobozrrje
1439 2379 1499 2436 ore*-

199 2489 289 2568 dlcuy
311 2507 331 2546 α
354 2482 515 2568 obycately
544 2485 629 2547 vslcclu
656 2485 732 2546 01101
760 2483 933 2546 krcilovstui
954 2460 1084 2547 &ekebe
1115 2484 1156 2548 od
1179 2484 1310 2567 placasti
1339 2483 1430 2549 beret
1455 2511 1500 2550 rra

198 2596 282 2659 sedin
297 2595 338 2660 let
352 2602 393 2658 αἱ
404 2596 443 2660 do
458 2618 501 2659 arr.
516 2594 622 2660 Jietoo
638 2596 659 2658 l.
677 2596 770 2670 1348,
789 2595 956 2679 poledrarii
968 2597 1111 2659 zovdzcli
1124 2618 1155 2659 ce
1171 2596 1331 2681 oajedoou
1348 2599 1502 2680 zoplutili

197 2710 324 2794 esbrbey
338 2707 433 2771 berrae*
442 2733 462 2770 0
477 2707 593 2791 ebir-ky,
603 2707 695 2793 jciby
709 2730 727 2770 0
742 2708 964 2792 odeledujioicla
979 2709 1054 2772 desti
1066 2709 1159 2772 leteel
1172 2733 1216 2772 00
1231 2713 1274 2771 od
1285 2709 1391 2772 rloiiti
1404 2713 1496 2776 asold.

299 2899 366 2964 Nos
382 2900 544 2966 lohannes
568 2901 619 2965 dei
642 2901 750 2982 gracia
767 2899 920 2965 Bohemie
943 2919 999 2964 rex
1022 2920 1059 2966 ac
1073 2901 1363 2983 Lucemburgensis
1388 2922 1496 2968 coures

194 3019 306 3077 notum
336 3011 470 3077 facimus
500 3017 612 3077 tenore
642 3011 843 3094 presencium
873 3011 1041 3090 uniuersis,
1074 3014 1159 3094 quod
1189 3015 1265 3095 quia
1295 3015 1439 3079 uniuersi
1463 3022 1496 3080 et

197 3125 340 3189 aurasium
355 3125 522 3190 ciuitatum
544 3125 635 3206 regni
657 3126 758 3189 nostri
774 3125 927 3190 Bobemie
944 3125 1031 3190 ciues
1055 3132 1088 3191 et
1109 3126 1223 3205 incole,
1255 3126 1367 3192 fideles
1391 3129 1494 3192 nostri

193 3236 312 3313 dilecti,
344 3253 454 3301 omnes
486 3237 720 3318 imposiciones‚
753 3236 903 3302 collectas
927 3242 960 3300 et
981 3238 1178 3317 excederes,
1206 3257 1285 3320 quas
1308 3239 1390 3321 ipsis
1414 3241 1493 3304 ciui-

191 3348 311 3414 tatibus
345 3347 429 3414 infm
461 3349 648 3415 sexennium
682 3351 845 3430 imponere
877 3354 910 3413 et
939 3349 978 3414 ab
1008 3350 1056 3415 eis
1079 3352 1222 3433 recipere
1255 3370 1428 3434 possumus
1452 3355 1492 3419 ad

192 3469 333 3527 nostram
356 3467 521 3543 mgentem
543 3463 766 3527 necessitatem
790 3480 824 3526 se
848 3481 904 3543 pro
928 3463 1020 3528 nobis
1044 3481 1082 3527 ex
1105 3464 1237 3545 speciali
1268 3470 1378 3530 nostro
1403 3485 1491 3531 urran-

190 3575 264 3640 0010
288 3575 415 3640 soluere
437 3575 663 3640 astrinxerunt.
686 3572 753 3639 Nos
776 3575 884 3656 itaque
899 3580 991 3656 grata
1005 3575 1225 3642 vicissitudine
1241 3577 1385 3658 ipsorum
1400 3579 1491 3645 beni-

189 3689 336 3754 uolencie
368 3707 534 3754 occurrere
564 3687 770 3769 disponentes
800 3688 842 3753 ad
872 3688 992 3752 dictum
1022 3690 1208 3755 sexennium
1239 3709 1335 3754 vnum
1370 3710 1490 3756 annum

188 3801 365 3865 arlrlicimus
388 3820 427 3864 ex
450 3800 557 3881 gracia
579 3806 612 3865 et
634 3800 713 3882 ipsis
732 3800 958 3865 uniuersaliter
980 3801 1116 3883 singulis
1140 3808 1173 3866 et
1195 3802 1404 3883 singulariter
1420 3806 1489 3870 mi-

187 3913 291 3976 uersis
321 3933 358 3978 ac
388 3932 498 3978 eorum
530 3912 714 3977 ciuitatibus
737 3932 756 3976 a
778 3911 860 3977 festo
882 3913 969 3978 beati
999 3915 1107 3979 Georii
1139 3935 1222 3980 rrumc
1251 3917 1408 3996 preterito
1431 3937 1490 3999 per

187 4027 387 4104 septennium
404 4027 597 4104 continuum,
615 4027 674 4090 lmc
688 4031 739 4090 cst
754 4044 853 4107 usque
869 4027 910 4092 ad
926 4026 1009 4091 idem
1023 4027 1140 4092 festum
1156 4029 1266 4093 Georii
1282 4030 1315 4092 in
1332 4048 1415 4095 anno
1432 4051 1487 4095 na-

184 4135 321 4199 tiuitatis
337 4137 456 4202 domini
473 4134 770 4202 ll⁰cec0x12v111⁰
789 4145 953 4204 reuertens
970 4140 1082 4204 damus
1094 4146 1127 4204 et
1138 4142 1342 4206 concedimus
1358 4143 1487 4223 plenam

185 4251 218 4309 et
238 4248 450 4314 omnimodam
466 4251 655 4330 libertatem,
680 4251 855 4315 eximentes
870 4256 903 4315 et
918 4252 1081 4317 soluentes
1097 4271 1152 4317 eos
1169 4254 1208 4318 ab
1229 4256 1377 4321 omnibus
1394 4276 1486 4323 exac-

184 4358 338 4437 cionibus,
353 4360 623 4441 imposicionibus,
637 4362 859 4442 peticionibus,
871 4364 1173 4444 contribueionibus
1187 4368 1315 4446 stouras,
1329 4370 1486 4449 collectis

184 4470 346 4548 subsidiis
371 4473 521 4552 angariis,
552 4474 752 4555 pernrnmrils
776 4481 809 4538 et
832 4475 989 4540 vrrinersis
1013 4483 1046 4540 et
1069 4479 1205 4558 singulis
1228 4483 1484 4559 manaminibus,
