3068 5160
672 112 745 159 1364.

638 298 701 380 trs.
726 316 777 381 aa.

438 488 540 556 1364.
576 488 808 554 12.‘bi·ezna.
844 488 980 555 Praha.

59 679 220 742 Krrilouno
244 677 340 741 Aona
367 681 528 761 potcrzujc
550 677 737 741 osodaz'lrdm
767 679 882 739 vasatico
907 675 1010 762 Obory
1031 679 1155 741 enatato
1177 676 1266 741 Jona
1293 680 1357 758 pod

59 791 215 853 Petinae-m
235 791 406 875 pm'oileqr'a
430 814 450 852 a
469 794 574 873 prora
589 790 654 873 jim
670 790 815 872 pr'cdefle
838 789 879 853 od
899 790 1048 855 krdloaea
1064 767 1196 874 Ceakrjcb
1210 791 1354 868 andelam,

52 907 101 986 jai
122 906 230 968 obae'm
256 903 412 987 zabprrula
435 927 457 965 a
471 905 646 987 janancurt&
657 902 804 986 povolujc
820 904 894 986 jim,
918 902 979 986 uby
1000 925 1015 964 a
1030 906 1162 987 jandoriae
1181 906 1265 988 soy'm
1288 927 1353 967 suo·

57 1016 159 1079 dodae
168 1016 340 1079 noklddofr'
362 1015 465 1091 arroldi,
489 1015 550 1099 uby
565 1020 766 1098 pomadenstvi
779 1039 823 1077 nrt
838 1014 980 1100 nejbliia'z'
995 1014 1151 1099 pc‘ibuane‘
1163 1017 1353 1098 pr'ecfw'zdo,

57 1128 115 1214 uby
129 1154 148 1192 ϊ
164 1128 349 1191 nedoatruku
366 1128 536 1211 potombdo
552 1128 638 1191 de'dt'l
652 1127 795 1212 nejddtst
812 1126 969 1211 pfibazogj
987 1127 1191 1191 zoaodnikdo
1207 1152 1228 1190 a
1242 1127 1358 1191 neni-li

58 1243 213 1320 takouefra
245 1241 306 1326 crby
335 1242 526 1324 positatalost
554 1240 667 1304 zdduda‘
695 1263 739 1304 au.
762 1238 851 1303 Jana
878 1239 1056 1323 pfipadla5
1085 1238 1157 1303 date
1179 1239 1241 1324 uby
1263 1241 1355 1304 asad-

59 1357 119 1417 na'ca'
148 1355 226 1437 piro
247 1355 262 1415 i
282 1358 358 1415 adara
388 1355 475 1417 ciebo
505 1354 609 1416 donaba
632 1353 809 1436 prodeunti
836 1352 928 1415 amoti
947 1375 968 1415 o
990 1351 1051 1435 adp
1073 1351 1217 1427 koidcbo,
1244 1351 1356 1437 jeniby

58 1491 86 1531 ae
107 1468 228 1531 clodian
251 1467 400 1549 depastif,
423 1466 551 1550 rychta'f
570 1489 591 1529 o
606 1465 731 1529 koedeld
742 1488 758 1528 z
773 1465 871 1549 oaady
892 1464 1072 1549 apportata·
1091 1464 1189 1527 ntohli
1209 1487 1230 1526 a
1253 1464 1357 1550 kolyby

58 1602 86 1642 sc
111 1582 174 1665 jim
202 1579 357 1662 zprotr’vr'l,
388 1578 448 1663 obp
470 1581 522 1662 jej
550 1578 571 1639 lc
596 1581 774 1662 potreatcini
799 1577 911 1661 aydala'
933 1577 1176 1660 podkomofimu
1198 1601 1220 1640 a
1241 1578 1355 1641 radam

638 1689 773 1752 Ιῡνάίουέ.

159 1892 254 1957 Anna
277 1892 328 1955 dei
351 1891 460 1972 gracia
481 1891 593 1971 regina
606 1891 822 1954 Romanorum
846 1907 972 1970 semper
987 1894 1123 1970 augusta
1137 1889 1355 1955 etB0hemiae

62 2007 179 2088 regina.
203 2004 323 2069 Notum
345 2004 478 2068 facimus
501 2008 612 2068 tenore
628 2002 845 2083 praesentium
860 2002 1020 2067 uniuersis
1042 2007 1076 2067 et
1097 2002 1243 2082 singuiis,
1269 2003 1355 2085 quod

18 2135 24 2147 ·
63 2119 255 2183 dioecesiani
289 2116 390 2181 sancti
421 2115 555 2180 Joanuis
590 2115 630 2179 ad
660 2112 827 2178 Viuarium
861 2113 984 2178 fundati
1018 2119 1127 2178 nostre
1157 2113 1353 2181 fundationis

60 2250 115 2296 uos
135 2236 325 2311 nostrosque
343 2227 543 2294 consiliarios
566 2245 731 2293 accessere
754 2246 826 2291 curn
848 2225 981 2291 honesto
1005 2227 1170 2292 sacerdote
1184 2226 1352 2309 Michaele,

59 2343 144 2408 fideli
176 2342 293 2407 dilecto
327 2347 446 2420 nostro,
478 2348 511 2404 et
540 2359 611 2404 cum
641 2339 769 2404 domino
792 2337 868 2403 Wlk
896 2338 1042 2417 altarista
1071 2339 1154 2404 arcis
1183 2340 1354 2423 pragensis

59 2462 204 2537 [retentes
227 2473 295 2534 noS,
316 2460 352 2518 ut
366 2454 432 2518 illis
447 2452 618 2535 priuilegia
635 2457 669 2516 et
686 2453 760 2534 jura
778 2452 905 2517 tradere
921 2452 1135 2533 dignaremur,
1159 2452 1355 2520 affirmantes

57 2569 165 2648 priora
188 2572 375 2648 cousumpta
397 2584 469 2631 esse
484 2567 561 2646 igni.
585 2564 690 2641 Quare
713 2584 784 2630 cum
807 2584 870 2629 non
889 2583 1056 2646 possemus
1071 2565 1201 2633 illorum
1220 2567 1354 2633 honeste

55 2680 202 2760 petitioni
226 2680 389 2759 refragari,
417 2679 478 2743 hoc
507 2677 719 2759 approbamus
749 2683 782 2742 et
811 2684 915 2742 ratum
947 2696 1019 2743 esse
1042 2698 1145 2762 neque
1169 2699 1261 2745 secus
1284 2680 1354 2745 fieri

55 2792 204 2855 uolumus
229 2793 282 2872 ita,
307 2792 571 2873 quemadmodum
597 2791 662 2855 illis
688 2790 860 2872 priuilegia
881 2798 914 2854 et
933 2792 1007 2873 jura
1029 2792 1068 2855 ab
1095 2794 1353 2857 antecessoribus

55 2905 175 2986 reginis
192 2904 365 2968 Bobemiae
381 2903 498 2967 tradita
512 2907 612 2980 erant,
637 2920 698 2983 quo
722 2908 832 2966 nostra
847 2903 953 2967 tenuis
969 2900 1113 2967 fundatio
1136 2924 1248 2987 eaque,
1271 2924 1353 2986 quae

55 3018 94 3081 nd
111 3037 184 3080 eam
200 3022 353 3096 spectant,
371 3036 442 3081 curn
458 3016 604 3079 omuibus
619 3015 840 3092 dioecesianis
864 3014 1086 3095 praesentibus
1103 3021 1136 3080 et
1150 3016 1276 3095 futuris,
1298 3038 1353 3098 pa-

57 3129 145 3193 cifice
170 3130 267 3192 vitam
283 3133 423 3209 agerent,
447 3147 550 3209 nequo
567 3125 633 3189 ulla
647 3124 810 3204 violentia,
838 3127 1101 3208 oppigneratione
1117 3147 1176 3192 nec
1192 3147 1353 3211 quoquam

59 3246 168 3304 contra
190 3242 384 3322 aequitatem
415 3245 524 3304 nostra
553 3239 695 3303 fraudatio
728 3239 830 3303 sancti
852 3238 987 3303 Joauuis
1009 3240 1152 3321 pertrahi
1174 3247 1272 3322 queat
1294 3241 1352 3305 sub

58 3372 160 3433 poena
194 3359 321 3418 nostrae
356 3353 577 3418 inclementiae
600 3356 633 3415 ct
654 3352 721 3415 irae
755 3356 788 3415 et
819 3356 1021 3432 posterorum
1056 3353 1147 3433 regui
1179 3352 1352 3417 Bohemiae

57 3485 175 3548 regum.
200 3467 250 3529 Ita
272 3472 307 3530 ut
328 3472 437 3530 nostra
459 3466 564 3529 tenuis
587 3463 730 3528 fumlatio
747 3464 780 3527 iu
797 3463 884 3528 cultu
907 3465 1017 3530 diuino
1033 3466 1218 3530 conseruari
1240 3465 1351 3546 possit

58 3599 125 3642 earu
150 3579 285 3659 gratiam
308 3580 475 3655 dignamur
497 3577 562 3641 iliis
585 3583 618 3641 et
639 3577 713 3641 huic
736 3576 913 3642 fundationi
943 3577 1055 3659 largiri
1078 3584 1111 3642 et
1134 3578 1253 3642 donare
1278 3596 1352 3658 pre·

57 3692 201 3755 sentibus
235 3697 267 3756 ct
299 3691 425 3768 futuris,
456 3696 492 3754 ut
514 3690 687 3754 secundum
717 3691 824 3770 priora
850 3692 923 3773 jura
953 3691 1206 3772 gubernarentur
1237 3697 1270 3755 et
1302 3709 1352 3754 re·

60 3810 222 3884 gerentur,
252 3803 516 3885 quemadmodum
539 3803 687 3868 ciuitates
709 3803 886 3883 Pragenses
916 3804 985 3884 regi
1016 3806 1259 3882 consueuerant,
1293 3802 1353 3867 hoo

56 3918 148 3980 modo
173 3916 269 3980 talem
293 3917 428 3995 gratiam
450 3916 617 3996 dignamur
636 3914 702 3979 iliis
725 3916 867 3980 tribuere
891 3921 924 3980 et
947 3915 1150 3980 concedimus
1166 3915 1241 3979 huic
1264 3915 1352 3980 dioe-

55 4032 118 4092 cesi
143 4034 175 4092 et
197 4047 296 4108 penes
319 4028 403 4092 idem
423 4029 475 4111 jus
492 4033 620 4092 nostrae
635 4027 833 4093 fundationis
850 4029 952 4093 sancti
968 4027 1113 4107 domnis,
1137 4032 1173 4091 ut
1195 4046 1253 4092 sua
1268 4027 1353 4092 bona

54 4143 93 4205 ad
111 4143 200 4222 ipsos
215 4141 416 4221 pertinentia,
441 4141 571 4205 mobilia
595 4140 672 4223 (vel)
692 4140 876 4218 immobilia,
902 4142 1078 4222 cuicunque
1093 4139 1214 4205 vellent
1233 4140 1352 4205 donare

55 4263 88 4318 ct
105 4254 223 4333 legare,
247 4254 315 4317 sine
339 4254 425 4317 ouini
447 4254 673 4336 impedimento
696 4258 837 4334 possent.
862 4252 895 4317 Si
919 4271 995 4318 nero
1020 4254 1091 4335 quis
1115 4253 1236 4319 habens
1262 4271 1352 4317 suam
