3068 5160
166 381 206 443 gg
777 375 851 424 naas.

167 602 276 651 omnes
298 582 421 647 litteras
444 587 476 646 et
500 579 671 662 priuilegia
693 579 800 644 omnia
821 584 855 644 et
875 578 1103 656 immunitates,
1126 575 1263 658 gracias,
1286 575 1444 649 libertates,

168 695 418 763 consuetudines
434 700 467 759 et
477 694 552 776 jura
574 693 607 756 in
630 691 752 756 eisdem
774 691 891 756 litteris
906 696 940 756 et
954 689 1136 773 priuilegiis
1158 693 1325 754 contentas
1340 695 1372 754 et
1386 707 1445 753 con·

166 815 255 874 tenta
278 808 401 873 ciuibus
424 813 457 872 et
479 806 602 870 ciuitati
632 805 785 886 predictis
807 803 961 885 perdius
991 801 1144 868 memorie
1164 801 1381 868 Romanorum
1401 818 1447 865 seu

167 920 320 986 Bohemie
350 937 443 1000 reges
474 924 529 983 aut
550 917 659 996 duces,
681 916 925 999 predecessores
948 920 1085 994 nostros,
1108 931 1288 994 concessas,
1319 915 1405 980 datas
1425 916 1448 975 et

169 1033 309 1098 indultas
339 1032 379 1097 de
409 1030 604 1112 benignitate
635 1029 724 1110 regia
754 1033 841 1094 ratas
871 1028 1025 1094 habentes
1056 1033 1090 1093 et
1120 1031 1229 1109 gratas
1257 1025 1448 1101 mtificamus,

169 1147 391 1227 approbamus,
424 1145 613 1208 innouamus
635 1147 669 1207 et
690 1160 748 1224 per
769 1140 913 1223 singulas
937 1139 1098 1206 clausulas
1121 1139 1265 1221 presenti
1285 1139 1449 1222 paginale

170 1263 257 1323 certa
278 1263 389 1322 nostra
411 1255 550 1321 sciencia
573 1253 805 1333 confirmamus,
835 1271 937 1336 eaque
960 1253 1067 1318 omnia
1088 1258 1123 1318 et
1143 1251 1274 1334 singula
1294 1250 1450 1335 priuilegia

169 1375 202 1434 et
216 1369 350 1448 litteras,
374 1373 586 1451 contentaque
609 1368 643 1432 in
662 1366 785 1431 eisdem
800 1365 936 1430 eundem
952 1365 1094 1446 vigorem
1109 1371 1143 1431 et
1156 1363 1335 1431 efficaciam
1348 1364 1451 1430 habere

169 1480 325 1560 volumus,
357 1480 422 1546 acsi
445 1480 485 1545 de
508 1480 604 1545 uerbo
628 1479 669 1544 ad
692 1480 824 1545 verbum
846 1478 1048 1561 presentibus
1079 1477 1199 1543 nostris
1222 1476 1341 1543 litteris
1363 1476 1453 1542 forent

168 1594 290 1657 inserta
304 1592 357 1657 uel
374 1592 454 1658 alias
470 1597 664 1674 expressata,
687 1591 909 1673 promittentes
933 1590 1058 1655 ciuibus
1075 1589 1156 1672 ipsis
1171 1589 1295 1654 nullam
1317 1588 1453 1654 iniuriam

169 1704 221 1768 vel
251 1705 441 1770 violenciam
472 1710 583 1769 contra
612 1704 753 1786 gracias,
784 1703 958 1782 libertates,
991 1701 1245 1767 consuetudines
1271 1707 1306 1767 et
1331 1700 1456 1786 juraiu

169 1817 287 1881 litteris
303 1835 340 1882 ac
354 1816 534 1899 priuilegiis
549 1816 765 1898 predictorum
776 1820 957 1881 nostrorum
968 1815 1240 1896 predecessorum,
1252 1814 1463 1880 Romanorum

171 1947 227 1992 seu
250 1928 403 1993 Bohemie
425 1947 536 2010 regum
556 1929 608 1993 uel
624 1928 750 2008 ducum,
775 1933 923 1993 contenta
937 1932 971 1992 et
985 1931 1149 1992 contentos
1171 1927 1316 2010 irrogare
1331 1944 1390 1992 nec
1404 1919 1469 1991 sini

172 2040 237 2105 ullo
261 2060 399 2123 vnquam
421 2048 563 2124 tempore
586 2060 644 2124 per
665 2041 847 2124 quempiam
869 2040 1015 2121 imogari.
1037 2039 1173 2121 Insuper
1188 2040 1216 2104 si
1231 2045 1391 2105 terrarum
1414 2034 1481 2102 aut

173 2153 337 2217 ciuitatum
353 2159 533 2218 nostrarum
549 2155 582 2218 in
593 2154 736 2218 Romano
751 2158 785 2218 et
797 2152 951 2218 Bohemie
967 2152 1084 2234 regnis,
1101 2151 1263 2217 nobilibus
1278 2150 1334 2217 uel
1346 2150 1494 2216 ciuibuss

172 2284 229 2329 seu
260 2264 333 2329 aliis
364 2266 579 2349 cuiuscunque
609 2267 674 2331 sint
701 2266 754 2330 uel
785 2266 923 2330 existant
952 2265 1148 2330 condicionis
1178 2269 1212 2329 et
1234 2263 1498 2346 preeminencie

173 2377 364 2456 hominibus,
388 2377 511 2443 litteras
535 2378 734 2444 celsitudinis
757 2383 865 2442 nostre
882 2376 1020 2441 scienter
1044 2383 1099 2442 aut
1120 2377 1306 2458 ignoranter
1325 2376 1498 2441 dedimufi

174 2489 225 2554 uel
249 2490 281 2554 in
304 2489 445 2555 diturum
468 2490 624 2571 dabimus,
655 2510 716 2574 que
740 2491 773 2555 in
795 2489 1010 2571 predictorum
1034 2489 1152 2553 ciuium
1175 2494 1209 2554 et
1231 2488 1374 2554 ciuitatis
1396 2488 1498 2553 Prv

175 2602 282 2683 gensis
305 2602 516 2683 preiudicium
546 2620 603 2667 seu
626 2621 800 2684 grauamen
829 2601 960 2684 aliquod
982 2605 1118 2683 vergunt
1146 2618 1204 2665 seu
1227 2600 1320 2682 vergi
1341 2595 1498 2683 possent4

175 2714 428 2796 quoquomodo,
461 2714 518 2779 has
546 2733 655 2780 omnes
680 2713 904 2779 uniuersaliter
929 2719 963 2778 et
987 2733 1098 2778 earum
1128 2713 1306 2796 quamlibet
1331 2713 1498 2795 singulw

175 2826 252 2890 riter
267 2845 391 2890 exnunc
412 2833 508 2909 prout
529 2833 644 2892 extunc
668 2845 839 2906 cassamus,
863 2827 1035 2905 irritamus,
1061 2825 1265 2891 annullamus
1288 2844 1328 2890 ac
1349 2825 1496 2891 inane&

177 2956 284 3002 cassas
307 2943 340 3003 et
361 2958 459 3004 vanas
483 2939 666 3022 nulliusque
688 2940 808 3021 vigoris
831 2957 889 3004 seu
911 2939 1063 3004 momenti
1089 2957 1161 3003 esse
1184 2938 1333 3002 volumus
1362 2944 1498 3002 tenor!

178 3051 377 3130 presencium
393 3051 580 3131 litterarum,
605 3052 720 3134 quibus
736 3051 913 3117 maiestatis
935 3056 1043 3116 nostre
1065 3050 1153 3131 regie
1170 3049 1314 3132 sigillum
1329 3051 1370 3115 de
1387 3056 1498 3115 aaran

177 3167 286 3225 nostra
308 3163 446 3227 sciencia
470 3163 618 3228 duximus
640 3164 893 3245 appendendum.
932 3163 1051 3227 Datum
1075 3163 1220 3227 Dresden
1244 3180 1328 3227 anno
1351 3151 1496 3226 donini

177 3273 347 3338 millesimo
378 3276 604 3341 trecentesimo
635 3276 878 3358 quadragesimo
909 3281 1032 3355 octauo,
1067 3274 1244 3340 indiccione
1273 3274 1388 3356 prima,
1419 3266 1491 3336 VI.

177 3384 331 3450 kalendas
361 3385 516 3468 Januarii,
549 3406 719 3469 regnorum
748 3392 928 3452 nostrorum
960 3387 1175 3452 Romanorum
1206 3405 1289 3451 anno
1319 3387 1419 3452 tercio
1442 3381 1488 3445 et

176 3497 330 3563 Bohemie
353 3500 503 3564 secundo.

278 3626 361 3680 Liber
378 3626 582 3680 vetustissimus
607 3626 807 3695 privilegiorum
834 3629 856 3679 d.
875 3633 926 3679 993
946 3631 993 3679 str.
1013 3631 1045 3679 74
1063 3642 1079 3677 v
1097 3625 1209 3680 archiva
1226 3641 1261 3679 m.
1279 3624 1376 3694 Prahy.
1411 3617 1478 3677 nist

175 3726 221 3774 ten
239 3720 357 3789 potvrdil
374 3722 447 3775 cisai
465 3720 595 3789 Sigmuud
613 3721 725 3775 vPraze
743 3727 785 3775 26.
798 3737 881 3790 srpna
895 3726 970 3774 1436.
988 3720 1078 3775 Pelzel
1096 3720 1163 3774 Karl
1181 3718 1229 3774 der
1240 3719 1335 3776 Vierte
1364 3719 1473 3775 druna·

177 3813 255 3869 deno.
289 3817 337 3869 Nr.
355 3815 477 3870 LXXIH.
514 3798 604 3885 (leski
629 3815 745 3885 pieklad
768 3816 864 3870 nalezd
888 3831 917 3869 se
941 3829 957 3866 u
981 3813 1060 3869 knize
1080 3815 1182 3884 „Prata
1206 3813 1344 3870 roalidnd“
1371 3815 1417 3868 list
1438 3809 1468 3862 64

179 3923 196 3957 a
215 3909 357 3966 biblioteca
376 3911 498 3981 kapitoly
516 3910 718 3980 Vyiehradske.

759 4069 823 4151 Cis.
847 4087 899 4151 52.

541 4242 646 4310 1349.
682 4243 715 4310 2.
738 4241 863 4309 ledna.
899 4240 1114 4324 Drdidanp.

181 4388 265 4452 Krat
287 4391 385 4454 Karai
414 4395 470 4458 IV.
495 4400 657 4482 potor-zaja
687 4400 852 4460 msstautlm
883 4393 1012 4461 Stoecha
1041 4398 1137 4459 mista
1170 4394 1346 4460 Praiskdlto
1380 4405 1468 4458 storo·

180 4501 286 4587 ddcaay'
308 4501 417 4589 obydej,
451 4512 481 4569 ia
506 4513 681 4572 maroneo
703 4510 923 4594 kcpcijiny'ch
945 4511 1028 4582 mist,
1052 4507 1132 4570 icte'ra'
1154 4529 1172 4568 c
1196 4505 1296 4572 Proca
1314 4505 1475 4593 pr'ebgioaji
