3068 5160
650 377 723 427 rasa
1290 379 1331 444 95

57 579 130 644 ritate
144 580 288 644 Romana
310 580 399 659 regia
422 597 459 642 ac
482 578 521 643 de
542 587 629 645 certa
643 586 753 646 nostra
775 581 914 646 sciencia
937 581 1085 646 (lusimus
1107 585 1330 653 absoluendos

57 691 124 757 lulli
152 713 229 775 ergo
261 693 424 757 hominum
454 692 549 758 liceat
579 694 661 758 hanc
691 701 799 759 nostre
829 694 1023 775 largicionis,
1055 696 1270 763 absolutionis
1299 707 1332 765 et

58 804 252 871 libertacionis
282 806 430 888 paginam
466 805 639 887 infringere
669 825 726 871 seu
749 807 779 871 ei
802 824 882 871 ausu
912 809 1027 890 quouis
1055 810 1227 874 temerario
1257 829 1330 877 con-

57 919 132 982 traire
154 919 214 983 sub
237 937 319 1001 pena
343 924 469 982 centum
492 937 670 982 marcarum
693 920 867 1001 punienti,
891 938 971 1002 quas
994 920 1034 985 ab
1057 939 1105 1000 eo,
1129 921 1185 1004 qui
1208 927 1331 987 contra-

58 1031 144 1095 uenire
173 1031 414 1113 presumpserit,
446 1031 710 1096 irremissibiliter
739 1032 824 1114 exigi
846 1032 993 1098 volumus
1023 1033 1155 1112 tociens,
1178 1035 1331 1116 quociens

57 1139 130 1209 morit
153 1142 392 1222 contrafactum,
424 1150 456 1209 et
485 1163 593 1208 earum
621 1143 827 1209 medietatem
856 1145 957 1210 nostri
987 1145 1105 1227 regalis
1135 1147 1231 1210 erarii
1261 1147 1330 1210 siue

9 1264 11 1275 ·
57 1251 115 1334 fisci,
135 1257 297 1321 residuam
320 1274 397 1321 uero
420 1261 542 1338 partem
567 1256 716 1321 iniuriam
738 1275 906 1338 passorum
928 1258 1038 1322 usibus
1062 1258 1226 1340 applicari.
1256 1259 1330 1323 Pro-

58 1369 176 1432 sencium
207 1369 266 1434 sub
290 1376 398 1433 nostro
422 1370 598 1434 maiestatis
629 1369 735 1451 sigillo
764 1370 948 1436 testimonio
978 1370 1168 1436 litterarum.
1212 1371 1329 1435 Datum

58 1476 254 1546 Frankenlurd
269 1500 352 1546 anno
369 1480 489 1545 domini
504 1481 675 1548 millesimo
690 1483 914 1547 trecentesimo
926 1484 1192 1566 quinquagesimo
1207 1490 1329 1565 quarto,

58 1588 210 1658 indiccione
241 1595 393 1675 septima,
425 1592 509 1659 XIV.
543 1595 696 1659 kalendas
730 1594 914 1675 Februarii,
945 1613 1115 1676 regnorum
1149 1600 1329 1661 nostrorum

9 1730 13 1829 1
58 1718 121 1769 anno
142 1713 264 1772 octauo.
329 1787 332 1791 ¹

10 1834 12 1869 l

136 1904 216 1957 liber
228 1904 433 1958 vetustissimus
445 1905 647 1973 privilegiorum
660 1907 682 1958 d.
696 1911 747 1959 993
766 1913 814 1960 atr.
834 1911 867 1958 ‘28
880 1923 895 1959 r
908 1904 1019 1960 archiru
1038 1922 1072 1960 m.
1084 1904 1182 1974 Prahy.
1194 1933 1227 1942 —
1238 1903 1328 1958 Pelzel

59 1988 111 2047 Karl
126 1996 168 2051 der
185 1998 287 2052 Vierte.
307 1999 429 2055 Urlrund.
448 1999 495 2052 Nr.
513 1999 636 2054 mmm
654 2030 688 2039 -
706 2001 768 2055 List
785 2008 831 2054 ten
849 1999 1053 2070 potvrdilfclsai
1072 1998 1201 2068 Sigmund
1218 1999 1331 2053 vPraze

57 2089 87 2138 lo,
105 2106 179 2161 srpna
199 2100 274 2147 1436.

613 2391 677 2474 Cis.
701 2410 752 2474 60.

360 2579 463 2649 1354.
498 2580 555 2648 lo.
577 2581 729 2648 bionna.
763 2581 1017 2650 bucembnrk.

53 2733 122 2811 Kro'l
142 2750 241 2813 Κανά
263 2750 319 2813 IV.
345 2751 519 2836 osrobozrcje
543 2755 650 2835 opa'tad
670 2757 807 2839 mddtaay
829 2753 968 2817 Praake
987 2755 1028 2818 od
1055 2755 1182 2836 placen-i
1202 2754 1251 2819 cla
1273 2752 1329 2817 mab

47 2849 140 2942 jiop'd
154 2864 255 2927 clarck
277 2887 312 2926 uc
336 2867 419 2928 rs'eob
440 2867 566 2928 nrdstccb
587 2868 603 2928 i
622 2867 772 2930 ceramicb
785 2871 848 2930 lette
863 2848 993 2930 denaba
1011 2891 1032 2929 a
1054 2871 1245 2951 uataaouoje,
1270 2867 1331 2952 uby

54 2983 65 3020 l·
81 2982 284 3053 procozoea'ua'
311 2978 453 3061 loupectvi
479 2977 595 3041 zuiualt
624 2981 717 3042 to'ebie
742 2985 826 3063 proin
849 2981 930 3065 jalce
956 2983 1092 3044 medicae
1110 2978 1328 3044 Norimberdtr‘.

140 3171 277 3234 llarolus
301 3171 352 3233 dei
376 3170 484 3251 gracia
505 3171 719 3234 Romanorum
742 3189 797 3234 rex
821 3189 947 3252 semper
971 3175 1126 3252 augustus
1149 3174 1182 3234 et
1196 3171 1327 3234 Boemio

57 3286 105 3345 lli.
125 3284 171 3347 Ad
195 3283 417 3346 uniuersomm
440 3284 591 3348 noticiam
613 3289 724 3347 tenore
746 3284 947 3365 presencium
978 3283 1125 3348 volumus
1147 3282 1326 3363 peruenire,

58 3395 122 3462 'llud
156 3395 305 3476 quamuis
334 3394 542 3476 benignitatis
573 3396 660 3475 regie
691 3396 847 3460 celsitudo
879 3401 1018 3474 cunctos,
1051 3413 1130 3478 quos
1152 3395 1328 3458 Romanum

58 3504 137 3570 subit
150 3509 331 3589 imperium,
348 3507 524 3571 ‹lulcorosis
541 3505 704 3571 fauoribus
719 3508 872 3588 prosequi
894 3512 1050 3586 teneatur,
1074 3506 1202 3570 illorum
1223 3511 1329 3569 tamen

58 3620 316 3684 *femmoditatibus
333 3618 513 3684 feruencius
529 3620 625 3684 debet
639 3619 814 3699 intendere,
831 3638 911 3702 quos
929 3618 1089 3686 indefessa
1104 3617 1329 3699 obsequiorum

56 3727 193 3796 ribbicio
207 3733 393 3812 comprobat
404 3737 437 3797 et
447 3732 525 3797 fides
536 3733 669 3814 probata
681 3733 888 3798 commendat.
901 3731 983 3796 Sane
995 3731 1166 3812 diligenter
1179 3727 1331 3809 inspectis

55 3844 204 3914 lrobitatis
228 3845 351 3909 meritis
374 3864 411 3909 ac
434 3846 608 3910 constantis
624 3850 657 3910 et
671 3846 800 3910 immoto
821 3844 895 3910 fidei
911 3844 1058 3927 puritate,
1082 3842 1198 3925 quibus
1220 3840 1329 3905 fidelos

53 3958 137 4021 nostri
160 3957 271 4021 dilecti
296 3958 453 4037 consules,
479 3958 601 4024 scabini
624 3962 657 4022 et
672 3957 863 4023 vniuorsitas
887 3957 1007 4022 ciuium
1030 3955 1171 4021 ciuitatis
1193 3954 1330 4034 Pragen-

48 4067 83 4131 sis
104 4069 197 4134 nobis
221 4087 259 4132 ac
282 4069 544 4150 predecesoribus
575 4058 693 4135 nostris
716 4089 825 4135 comm
850 4069 970 4134 crebris
1002 4088 1039 4133 ac
1061 4067 1208 4132 fidelibus
1231 4065 1331 4131 serui-

46 4181 95 4246 riis
130 4182 276 4264 ipsorum
300 4200 351 4245 res
374 4188 407 4246 et
428 4200 582 4263 personas
612 4202 671 4265 pro
702 4184 803 4248 nostri
825 4201 862 4246 ac
884 4182 1011 4263 imperii
1042 4186 1183 4246 statuet
1211 4179 1331 4243 honore

40 4313 130 4375 «quam
154 4294 277 4377 pluries
301 4293 458 4375 intrepide
480 4297 666 4376 exponendo
689 4295 876 4377 placuerint,
900 4292 1033 4376 prefatis
1050 4291 1174 4357 ciuibus
1191 4290 1331 4356 ciuitatis

36 4408 206 4490 l’ragensis
239 4407 382 4471 adinstar
413 4406 548 4471 celebris
579 4408 731 4471 memorie
754 4406 906 4490 Heynrici
937 4405 1096 4488 quondam
1117 4405 1331 4468 Romanorum

31 4520 240 4603 imperatoris
280 4537 407 4601 semper
436 4521 582 4600 augusti,
621 4520 819 4602 aliommque
857 4518 1119 4600 predecessorum
1149 4521 1329 4583 nostrorum
