3068 5160
630 314 633 324 ’
682 312 756 416 14εοὶ
1093 363 1099 375 ·
1212 353 1215 359 ·
1303 369 1365 433 ιιι

63 568 263 633 consiliariis
293 570 422 650 nostris,
455 587 548 635 sanas
579 576 612 634 et
634 571 803 636 inviolatas
826 573 964 638 vidimus
994 579 1027 638 et
1055 577 1261 642 tractavimus
1291 584 1365 644 ante

64 681 190 745 dictum
213 699 321 747 casum
351 702 414 747 non
445 702 559 765 magno
582 690 736 766 tempore,
766 684 1042 768 supplicatumque
1065 693 1116 752 est
1137 690 1230 755 nobis
1260 691 1365 768 humi-

65 793 144 859 liter
165 799 198 858 et
220 799 340 860 attente
355 814 374 858 a
389 795 541 878 praelatis
565 797 697 876 civibus,
721 801 757 861 ut
780 796 998 863 reformationi
1021 799 1178 865 dictarum
1200 801 1365 869 literarum

64 906 283 972 consulamus,
305 907 372 972 Nos
395 910 594 974 attendentes
617 908 807 990 multiplicia
829 910 981 992 obseqria
1003 915 1037 975 et
1058 910 1267 979 inconcussae
1289 914 1364 980 fidei

63 1020 239 1100 puritatem
262 1020 418 1086 dictorum
442 1022 569 1100 civium,
593 1022 707 1105 quibus
729 1021 821 1087 nobis
844 1021 878 1086 in
900 1022 970 1087 dies
992 1023 1120 1105 placere
1139 1042 1203 1090 non
1227 1033 1363 1107 cessant,

61 1131 199 1211 dignum
222 1134 403 1199 censuimus
426 1134 509 1199 vetis
532 1135 705 1200 eorundem
727 1152 878 1213 annuere,
901 1139 938 1198 ut
959 1113 1128 1201 semestra
1149 1132 1239 1219 regia
1260 1140 1364 1220 gratia

60 1245 242 1309 sentientes
265 1246 446 1311 consolatos
468 1246 617 1311 alacriori
640 1247 746 1311 animo
769 1248 803 1312 in
828 1246 970 1312 futumm
992 1249 1141 1315 studeant
1162 1250 1255 1316 nobis
1278 1270 1363 1317 oom-

61 1357 204 1438 placere.
233 1358 337 1439 Igitur
359 1378 422 1422 nen
444 1379 502 1441 per
523 1378 665 1425 errorem
688 1365 744 1437 apt
764 1349 951 1442 improvide,
974 1361 1031 1426 sed
1054 1361 1159 1426 animo
1175 1362 1361 1443 deliberato,
1405 1343 1409 1350 ¹

61 1489 146 1544 sano
176 1471 365 1553 principum,
395 1491 563 1553 procerum
593 1472 769 1537 aliorumve
799 1471 942 1537 fidelium
957 1479 1158 1538 nestrorum
1191 1468 1382 1555 accedente

60 1583 211 1662 consilio,
235 1584 275 1648 de
295 1590 381 1649 certa
396 1581 507 1650 nostra
529 1585 673 1665 scientia,
697 1584 886 1650 auctoritate
909 1584 999 1665 regia
1012 1586 1174 1667 predictas
1196 1586 1307 1653 literas
1329 1597 1363 1653 et

60 1695 235 1779 privilegia
258 1715 333 1762 casu
354 1697 412 1762 tali
433 1697 547 1762 vitiata
573 1717 644 1764 cum
675 1697 822 1763 omnibus
845 1697 879 1761 in
901 1697 1024 1763 eisdem
1058 1699 1216 1764 contentis
1239 1700 1272 1765 in
1295 1720 1361 1766 om-

60 1808 159 1874 nibus
176 1812 311 1891 punctis,
336 1809 499 1889 clausulis,
523 1810 667 1876 articulis
689 1815 723 1874 et
745 1810 923 1890 sententiis,
946 1810 1013 1874 acsi
1035 1809 1115 1876 haec
1138 1811 1178 1878 de
1200 1811 1297 1877 verbo
1320 1813 1361 1877 ad

60 1922 197 1987 verbum
227 1923 366 1988 insertae
395 1929 513 2004 essent,
543 1922 694 2004 praelatis
717 1922 839 1988 civibus
863 1927 896 1988 et
917 1923 1156 2020 successoribus
1179 1925 1361 1990 eorundem

59 2041 262 2117 innovamus,
285 2037 507 2120 approbamus,
537 2036 732 2102 ratificamus
754 2040 788 2101 et
808 2035 997 2115 validamus,
1028 2035 1172 2100 volentes
1194 2040 1228 2101 et
1248 2037 1360 2102 eadem

58 2125 254 2217 auctoritate
283 2156 394 2238 nostra
422 2151 512 2233 regia
541 2150 758 2228 decernentes,
790 2155 825 2212 ut
847 2148 932 2213 idem
955 2166 1048 2214 casus
1078 2148 1241 2231 inopinate
1265 2150 1359 2215 dictm

60 2266 166 2331 literis
189 2264 292 2329 factus
307 2282 370 2328 non
386 2263 429 2327 sit
443 2264 565 2328 eisdem
587 2262 702 2326 damno
719 2267 775 2328 aut
790 2261 1027 2343 impedimento,
1050 2262 1108 2326 sed
1124 2262 1207 2344 qvod
1222 2263 1358 2344 eundem

58 2380 205 2458 uigorem
239 2377 377 2442 habeant
407 2377 440 2441 in
470 2375 616 2440 omnibns
648 2373 785 2472 punctis,
821 2373 973 2475 clausulis
1006 2378 1039 2464 et
1073 2374 1240 2440 sententiis
1274 2376 1359 2456 apud

58 2491 171 2556 emnia
193 2490 322 2571 negotia
344 2494 377 2554 et
399 2488 663 2570 opportunitates,
686 2487 753 2553 acsi
768 2491 877 2552 essent
898 2506 936 2552 ex
959 2492 1026 2550 toto
1043 2504 1140 2551 sanae
1155 2491 1188 2551 et
1202 2487 1356 2569 integrae,

59 2624 119 2669 nec
144 2605 177 2667 in
200 2603 306 2685 aliqva
333 2607 424 2683 parte
447 2601 592 2680 viciatae,
623 2605 656 2665 et
677 2599 738 2665 hoc
760 2599 872 2682 procul
893 2606 979 2664 moto
1003 2603 1112 2664 nostro
1135 2605 1356 2666 nostrorumve

57 2736 283 2782 successorum
313 2722 368 2780 aut
397 2714 534 2779 aliorum
564 2731 758 2796 quorumque
789 2712 900 2795 quovis
927 2712 1162 2794 impedimento,
1194 2713 1268 2795 qvia
1299 2732 1357 2778 nos

57 2848 195 2914 omnem*
210 2828 369 2893 defectum
392 2845 467 2891 casu
490 2827 651 2913 nominate
674 2824 791 2890 lactum
814 2823 966 2906 praelatis
990 2825 1093 2890 literis
1117 2825 1301 2907 supplemus
1317 2827 1356 2891 de

56 2942 260 3025 plenitudine
282 2948 410 3005 nostrae
425 2940 533 3019 regiae
556 2937 734 3021 potestatis.
760 2937 798 3001 In
821 2956 954 3019 quorum
977 2937 1081 3017 iidem,
1105 2938 1203 3002 robur
1218 2944 1252 3003 et
1265 2939 1355 3003 testi-

56 3056 203 3120 monium
232 3059 417 3134 praesentes
447 3051 558 3115 literas
588 3050 658 3114 fieri
688 3055 721 3113 et
747 3049 847 3130 sigilli
876 3049 977 3114 nostri
1011 3049 1129 3130 regalis
1160 3052 1355 3132 appensione

56 3168 214 3234 iussimus
249 3164 445 3230 communiri.
492 3165 609 3227 Datum
639 3162 760 3242 Progae
794 3162 846 3226 die
880 3162 984 3242 prima
1016 3162 1136 3230 mensis
1166 3142 1358 3227 Novembris

56 3299 144 3347 anno
167 3279 286 3344 domini
302 3277 472 3342 millesime
489 3273 803 3358 quadringentesimo
820 3275 1024 3354 octogesimo,
1048 3274 1139 3354 regni
1153 3274 1255 3339 nostri
1271 3294 1354 3339 anno

55 3394 194 3459 decime.

122 3574 126 3579 ⁴
164 3547 212 3612 ne
243 3540 426 3620 mandatum
457 3544 576 3609 domini
607 3542 692 3624 regis
1368 3628 1373 3641 ι

54 3663 187 3728 domino
203 3660 326 3724 leanne
341 3660 380 3723 de
393 3656 579 3735 Sselnberk,·
598 3654 789 3720 cancellario
812 3655 902 3736 regni
925 3655 1085 3734 Boemiae,
1109 3653 1352 3719 referrendarie.

163 3875 305 3928 Obsaieno
329 3872 524 3926 rlrenfirmaei
547 3873 680 3942 privilegii
698 3871 934 3939 Novomestslrpich
959 3871 1046 3925 eisaie
1064 3867 1236 3922 Ferdinanda
1253 3868 1301 3922 ΙΙΙ.
1327 3867 1352 3923 d.

51 3991 67 4025 v
87 3969 250 4038 Preipnrku
276 3974 316 4022 13.
334 3968 434 4022 kretna
459 3974 523 4021 1649
543 3968 563 4033 l,
582 3971 603 4021 c.
623 3972 654 4020 79
680 3948 823 4019 varchivu
848 3983 883 4018 ιιι.
901 3965 998 4034 Prahy.
1035 3966 1135 4019 Krome
1154 3965 1241 4017 eisaie
1260 3963 1353 4018 Ferdi-

51 4065 147 4121 nanda
165 4064 213 4118 Ill.
232 4063 360 4132 potvrdili
377 4071 452 4116 tento
471 4062 530 4116 list:
555 4059 709 4115 Ferdinand
727 4062 748 4114 l.
767 4077 801 4113 na
819 4058 904 4113 hrode
923 4060 1069 4113 Pralskem
1087 4066 1112 4113 4.
1131 4059 1258 4127 prosince
1276 4063 1352 4124 1558,

49 4159 211 4217 Ferdinand
229 4158 263 4212 11.
282 4175 312 4212 re
325 4157 406 4210 Vlrlni
425 4160 560 4211 coerano
574 4160 648 4221 lant,
666 4155 753 4208 Marte
764 4155 874 4208 Teresie
889 4161 928 4208 16.
942 4157 1039 4207 terena
1053 4159 1118 4207 1747
1138 4170 1154 4207 a
1170 4152 1318 4209 Frantiiek
1330 4152 1351 4208 l.

47 4276 83 4312 re
104 4254 189 4309 l'idni
209 4260 248 4307 13.
267 4253 366 4306 kretna
387 4258 461 4307 1808.
