3068 5160
664 392 741 443 lael.

606 597 623 634 *
655 579 719 663 Cis.
743 598 795 664 56.

438 768 544 836 1361.
582 768 640 835 12.
662 769 788 838 ledna.
826 770 963 839 Proba.

48 941 132 1004 Kra'l
155 940 255 1005 Karcl
276 941 300 1003 I
301 940 334 1008 V.
355 940 501 1025 pooolaje
523 942 672 1026 rpcbtdrb',
689 945 870 1028 [Μῶφι
891 967 914 1008 a
934 948 984 1007 odi
1004 944 1072 1009 obri
1091 944 1232 1012 limabo
1254 950 1349 1010 rudeto

49 1054 232 1129 baebelo,
263 1053 324 1139 uby
354 1053 457 1138 kaidy‘
485 1056 601 1117 maedan
629 1076 651 1117 a
680 1052 821 1140 topace
851 1056 932 1120 mett
959 1055 1062 1143 placy,
1097 1058 1231 1145 Idey‘mi
1258 1059 1350 1144 dercy

47 1191 67 1229 o
84 1166 237 1251 pozemky
258 1169 333 1251 jabo
357 1169 435 1252 jeou
456 1165 602 1251 obtiicny,
633 1166 716 1231 acela
736 1165 794 1231 acb
816 1190 831 1231 a
854 1169 935 1232 raeti
962 1168 1113 1255 applaria
1132 1194 1155 1235 a
1175 1171 1347 1256 oyltoupiti,

214 1279 269 1342 talc
291 1279 354 1364 chy
375 1281 468 1344 mesco
490 1278 644 1364 ocbyaolo
661 1279 836 1365 prilidagim
857 1280 1050 1345 mdluicaim
1072 1280 1193 1348 moue.

152 1449 286 1517 Carolus
309 1453 362 1518 dei
385 1455 492 1534 gratia
509 1453 725 1518 Romanorum
748 1472 804 1519 rex
826 1471 952 1536 semper
973 1460 1128 1538 augustus
1151 1455 1348 1522 etBoemiae

47 1583 111 1630 rex.
155 1564 293 1630 Dilectis
323 1566 415 1631 nobis
444 1566 547 1649 judici
576 1571 610 1631 et
636 1565 754 1649 juratis
775 1572 810 1632 et
831 1567 1033 1633 universitati
1063 1567 1180 1633 civium
1211 1568 1349 1633 civitatis

47 1675 184 1742 Minoris
206 1677 387 1759 pragensis,
412 1676 561 1744 fidelibus
585 1678 715 1759 nostris,
746 1679 882 1760 gratiam
905 1678 1027 1760 regiam
1049 1684 1083 1744 et
1103 1697 1198 1745 ornne
1219 1681 1348 1746 bonum.

47 1787 267 1854 Insinuatione
287 1789 479 1872 quaerulosa
496 1795 624 1857 vestrae
646 1789 810 1856 fidelitatis
833 1792 873 1857 ad
896 1809 990 1857 aures
1012 1792 1122 1874 regiae
1145 1791 1346 1858 celsitudinis

49 1919 149 1983 nuper
177 1903 315 1969 adducta
345 1909 377 1969 et
408 1910 539 1985 propter
570 1903 746 1968 solutiones
777 1920 929 1968 onerosas
960 1903 1159 1969 diversorum
1184 1922 1347 1984 censuum,

50 2013 164 2094 quibus
196 2016 308 2080 domus
331 2022 365 2081 et
386 2015 493 2081 curiae
516 2014 690 2080 multorum
712 2019 893 2080 vestrorum
915 2016 1093 2081 concivium
1115 2015 1252 2082 diversis
1274 2035 1347 2098 per-

52 2126 135 2190 sonis
165 2145 272 2193 annua
302 2129 456 2210 pensione
485 2126 623 2209 obligari
652 2134 836 2208 noscuntur,
871 2133 980 2194 vestra
1013 2128 1125 2195 civitas
1154 2147 1218 2194 non
1251 2147 1347 2211 posse

54 2254 148 2302 asna
169 2239 331 2305 sublevari
353 2241 505 2322 pauperie
528 2241 598 2305 sine
620 2241 730 2321 regiae
753 2240 973 2306 subventionis
995 2240 1157 2321 praesidio
1180 2240 1346 2323 singulari,

56 2351 152 2415 animo
176 2351 352 2419 deliberato
375 2360 408 2419 et
430 2353 470 2419 de
493 2357 581 2418 certa
603 2352 738 2418 scientia
772 2352 943 2418 statuimus
965 2358 999 2418 et
1019 2351 1223 2434 indulgemus
1244 2353 1345 2432 vobio,

59 2463 132 2541 qnod
146 2483 204 2529 vos
228 2473 261 2531 et
283 2465 418 2549 quilibet
431 2472 574 2532 vestrum
597 2465 676 2531 civis
699 2470 732 2543 et
755 2464 916 2531 habitator
931 2464 1034 2530 dictae
1049 2463 1184 2531 Minoris
1207 2464 1346 2531 civitatis

61 2570 218 2657 Pragensis
240 2579 372 2660 possitis
396 2585 429 2644 et
449 2578 552 2661 possit
574 2595 688 2643 census
711 2576 903 2658 huiusmodi,
929 2577 1046 2660 quibus
1061 2577 1174 2643 domus
1197 2583 1230 2644 et
1252 2595 1347 2642 areae

63 2687 211 2763 praefatae
226 2696 376 2771 gravatae
393 2697 571 2769 censentur,
587 2689 729 2770 totalem,
746 2690 884 2757 mediam
900 2691 967 2756 sive
983 2695 1130 2773 quartam
1143 2696 1267 2772 partem
1282 2689 1346 2754 dis-

64 2793 181 2873 junctim
205 2807 238 2866 et
261 2802 439 2868 successive
461 2821 519 2884 pro
540 2808 610 2866 rata
632 2802 734 2884 ipsius
758 2802 962 2884 obligationis
984 2803 1152 2884 redimere,
1175 2808 1213 2868 ut
1233 2820 1346 2884 excep

65 2905 135 2975 tione
155 2913 214 2978 tali
238 2915 351 2979 domus
374 2920 408 2978 et
430 2913 625 2980 hereditates
641 2919 768 2981 vestrae
791 2916 832 2980 ad
853 2915 993 2996 priorem
1015 2920 1135 2980 statum
1157 2915 1291 2980 redeant
1313 2921 1345 2980 et

67 3021 185 3095 pristina
214 3027 374 3107 gaudeant
404 3026 568 3107 libertate3
603 3027 791 3092 mandantes
821 3027 880 3091 snb
904 3027 1036 3092 obtentu
1059 3026 1178 3107 regalis
1211 3028 1344 3108 gratiae,

69 3135 136 3209 qnod
163 3156 275 3203 omnes
305 3139 487 3220 obligatarii
509 3158 566 3204 vos
590 3146 623 3205 et
644 3140 821 3223 quemlibet
842 3144 992 3220 vestrum,
1023 3140 1099 3204 duur
1128 3139 1219 3205 vobis
1249 3137 1347 3203 fuerit

71 3245 229 3315 redimendi
252 3249 396 3331 facultas,
421 3251 462 3316 ad
484 3253 700 3317 evolutionem
715 3253 911 3334 praedictam
933 3250 1003 3316 sine
1025 3250 1138 3334 quavis
1160 3249 1346 3316 difficultate

72 3366 114 3420 ten
133 3364 381 3429 contradictione
404 3364 572 3430 admittere
589 3364 727 3429 debeant
748 3364 808 3430 sub
829 3382 933 3445 poena
954 3367 1083 3428 nostrae
1105 3361 1344 3444 indignationis,

74 3478 146 3542 llam
175 3475 204 3539 si
227 3482 355 3541 nostrae
374 3477 511 3559 jussioni
535 3474 693 3541 contraire
719 3475 979 3557 praesumpserit,
1003 3492 1038 3539 se
1057 3478 1250 3557 cognoscant
1274 3491 1346 3553 gra·

75 3574 330 3653 11111111111111111.
353 3588 573 3653 Praesentium
588 3587 771 3653 testimonio
786 3585 976 3654 litterarum.
999 3587 1118 3652 Datum
1129 3585 1251 3667 Pragae
1262 3603 1345 3649 anno

75 3685 171 3761 donini
186 3699 358 3766 millesimo
374 3700 598 3765 trecentesimo
614 3698 878 3782 quinquagesimo
893 3698 1007 3780 primo,
1029 3696 1203 3765 indictione
1221 3701 1347 3779 quarta,

74 3811 189 3876 smundo
214 3813 287 3877 idus
309 3812 465 3893 ianuarii,
488 3830 660 3894 regnorum
682 3817 864 3877 nostrorum
887 3828 970 3877 anno
993 3811 1115 3894 quinto.

155 3963 298 4019 Obsarieno
322 3965 515 4020 vkonfirmaci
539 3965 672 4036 privilegii
689 3965 930 4034 Malostranslr5³0h
953 3965 1042 4019 eisaie
1060 3962 1203 4032 Leopolda
1220 3962 1241 4017 L
1267 3961 1293 4017 d
1312 3979 1348 4018 na

68 4048 136 4110 trade
152 4058 300 4114 Praiskem
321 4068 361 4116 15.
380 4063 505 4130 prosince
525 4066 591 4116 1657
610 4061 630 4131 1,
648 4064 671 4116 c.
684 4067 718 4115 83
737 4060 840 4114 varch.
853 4076 887 4114 m.
901 4059 998 4129 Ptahy.
1016 4059 1118 4113 Kromb
1135 4057 1201 4113 tohu
1220 4056 1348 4128 potvrdili

67 4156 127 4206 tento
144 4153 202 4208 list:
219 4155 375 4210 Ferdinand
392 4157 413 4210 1.
433 4173 468 4211 na
485 4156 570 4211 hrade
588 4156 737 4211 Praiskem
754 4161 796 4210 aa.
814 4155 872 4209 narr
891 4160 967 4224 1547,
984 4152 1139 4209 Fordinand
1155 4153 1190 4207 11.
1207 4168 1244 4207 na
1260 4152 1349 4208 hradd

62 4244 198 4303 basiem
217 4255 258 4304 15.
277 4251 377 4305 lrvetnn
396 4258 477 4320 16283
493 4251 581 4306 Maria
597 4251 708 4306 Teresie
726 4266 757 4304 ve
776 4249 858 4304 thni
877 4256 917 4304 16.
936 4247 1035 4304 dervna
1054 4254 1121 4303 1747
1139 4247 1347 4304 abbantiiekl.

60 4357 86 4397 ve
107 4343 187 4398 Vidni
213 4352 254 4399 13.
278 4346 381 4400 kvdtna
404 4352 479 4401 1808.
504 4376 538 4385 -
561 4349 632 4400 Acta
654 4344 810 4399 consistorii
833 4345 856 4398 F
880 4351 897 4398 4
919 4344 938 4397 k
962 4360 983 4398 r.
1011 4348 1077 4399 1407
1104 4342 1288 4414 piipominaii,
1315 4342 1349 4399 ie

55 4440 94 4493 tc'i
105 4439 182 4494 b'ore
194 4441 283 4495 mesto
302 4443 346 4495 1111
356 4442 461 4511 vy'sadu
473 4458 509 4496 na
519 4442 692 4511 vykupovdnl
709 4441 804 4510 plotdv
823 4438 992 4508 domovnich,
1010 4426 1093 4493 nebat
1104 4442 1182 4508 pravi
1200 4436 1348 4509 „quonian

52 4535 122 4590 ciues
131 4535 229 4590 Novae
247 4536 364 4590 civitatis
379 4545 443 4592 sunt
460 4553 477 4591 a
494 4535 652 4591 fundatione
665 4544 692 4590 et
703 4536 905 4589 constructione
923 4533 1044 4590 eiusdem
1054 4534 1148 4589 Novae
1156 4532 1276 4589 civium
