3068 5160
686 108 759 155 1341.

651 293 714 376 Cis.
738 313 791 376 41.

460 492 563 560 1341.
598 492 809 560 1191119.
844 490 979 560 Praba.

72 671 246 736 tllcrlcrabe'
263 674 426 757 eboracslcy'
448 673 548 736 Korel
571 672 745 756 ooaobozujc
768 677 904 758 rraddtaay
926 673 1056 738 Starcbo
1078 670 1173 737 111911
1195 673 1369 742 Praaketo
1424 712 1427 719 ·

69 784 109 847 od
132 784 263 867 placeat
291 787 377 849 vdccb
406 786 495 849 berni
516 790 557 848 αἱ
575 785 615 847 do
638 785 731 849 bonae
751 785 831 848 roba
855 786 948 862 1344,
974 785 1141 870 pondoodi
1166 787 1309 850 99119911
1337 810 1368 851 99

240 900 301 961 otei
319 900 391 983 jobo
414 898 561 982 amplatiti
582 897 686 962 bdbem
708 899 790 962 dooa
812 899 852 962 let
874 898 995 961 calciat
1017 898 1104 960 3000
1126 899 1196 982 kop.

171 1097 238 1162 Nos
255 1098 393 1162 Karolus
410 1099 529 1163 domini
544 1099 630 1179 regis
646 1099 777 1164 Boemie
793 1098 1035 1180 primogenitus
1052 1097 1195 1163 marchio
1211 1098 1365 1179 Morauie‚

69 1216 179 1275 notum
201 1209 336 1275 facimus
359 1217 470 1275 tenore
490 1212 691 1291 presencium
707 1211 876 1292 uniuersis,
902 1211 987 1292 quod
1010 1211 1086 1292 quia
1108 1209 1220 1276 fideles
1243 1213 1368 1293 paterni

69 1328 100 1387 91
121 1324 225 1388 nostri
248 1322 358 1387 dilecti
382 1324 469 1388 ciues
493 1323 627 1388 Maioris
651 1323 790 1388 ciuitatis
806 1324 977 1404 Pragensis
1001 1327 1114 1405 sponte
1137 1329 1170 1387 et
1192 1323 1369 1388 liberaliter
1462 1367 1467 1377 ·

69 1436 274 1500 serenissimo
306 1434 443 1516 principi
475 1436 603 1501 domino
638 1436 775 1517 genitori
808 1441 917 1501 nostro
949 1436 1119 1501 karissimo
1154 1435 1370 1516 promiserunt
1445 1519 1449 1526 ·

68 1548 143 1611 dare
175 1553 208 1611 ot
238 1547 365 1612 soluere
394 1566 451 1628 pro
483 1548 729 1613 necessitatibus
759 1549 828 1611 suis
858 1566 922 1614 non
943 1548 1055 1630 paucis
1088 1543 1150 1612 sibi
1173 1548 1214 1612 ad
1236 1567 1369 1630 presens

67 1661 261 1725 instantibus
285 1662 349 1725 tria
366 1660 457 1725 milia
472 1680 703 1742 sexagenorum
720 1679 904 1742 grossorum
929 1661 1133 1726 denariorum
1148 1661 1368 1741 Pragensium,

68 1773 206 1838 mediam
229 1780 352 1853 partem
376 1774 517 1854 predicte
540 1774 685 1854 pecunie,
709 1778 786 1854 puta
801 1773 889 1838 mille
909 1775 1100 1855 quingentas
1125 1791 1311 1855 sexagenas,
1335 1775 1368 1837 11

67 1885 146 1951 festo
172 1887 275 1950 sancti
299 1885 384 1950 Galli
408 1887 551 1967 proxime
575 1892 709 1951 venturo
740 1887 773 1950 in
797 1905 879 1951 anno
903 1887 1025 1951 domini
1052 1885 1223 1951 millesimo
1246 1892 1369 1951 trecen·

67 1998 182 2062 tesimo
215 1999 459 2079 quadragesimo
490 2000 600 2078 191919,
632 1999 793 2064 residuam
816 2018 892 2063 vero
924 2004 1058 2079 partem,
1090 1998 1191 2063 eciam
1221 1998 1369 2064 videlicet

68 2110 154 2174 milla
186 2111 378 2191 quingentas
409 2130 584 2192 sexagenas
618 2130 802 2191 grossorum
825 2111 1051 2191 predictorum,
1083 2112 1117 2177 in
1150 2109 1231 2174 19911
1266 2110 1368 2175 eciam

67 2221 150 2288 beati
168 2222 256 2286 Galli
279 2228 354 2288 tunc
370 2224 578 2305 subsequenti
602 2224 634 2288 in
658 2242 740 2288 anno
758 2224 878 2287 domini
894 2222 1140 2302 MCCCXLIIII,
1164 2240 1223 2288 nos
1246 2222 1370 2287 eisdem

68 2335 191 2398 ciuibus
214 2334 429 2415 Pragensibus
459 2336 500 2399 ad
530 2335 721 2415 peticionem
752 2336 894 2416 ipsorum
922 2334 1062 2415 greciam
1085 2334 1190 2400 199919
1213 2333 1369 2412 11191199,

67 2446 152 2511 iuxta
175 2447 301 2528 gracias
326 2448 404 2528 ipsis
427 2448 551 2512 ciuibus
575 2466 633 2528 per
655 2448 819 2511 dominum
842 2448 1020 2530 genitorem
1043 2454 1189 2513 nostrum
1211 2446 1370 2530 prefatum

68 2560 98 2623 in
121 2560 191 2623 suis
216 2558 333 2624 littoris
356 2559 455 2625 factas
478 2565 511 2624 91
533 2578 702 2624 991999999
726 2560 804 2641 ipsis
828 2561 939 2625 damus
963 2566 996 2625 91
1019 2562 1221 2626 concedimus
1242 2560 1371 2642 plenam

66 2677 97 2735 91
124 2671 261 2735 liberam
293 2671 473 2736 libertatem
504 2673 543 2737 ab
575 2674 722 2737 omnibus
744 2678 777 2738 91
804 2673 941 2754 singulis
971 2672 1177 2753 19991911119,
1209 2675 1370 2749 oneribus,

65 2783 289 2848 exaccionibus
313 2789 345 2848 91
367 2786 659 2850 contribucionibus
684 2787 935 2869 quibuscunque,
968 2792 1032 2850 tam
1057 2787 1209 2866 realibus
1240 2786 1370 2867 pecuni-

64 2897 140 2960 ariis
175 2915 271 2978 quam
301 2886 533 2977 personalibus,
563 2898 638 2963 hinc
660 2917 760 2980 usque
791 2900 831 2962 ad
862 2918 980 2963 annum
1013 2899 1133 2962 domini
1165 2898 1370 2962 millesimum

63 3010 324 3074 trecentesimum
341 3009 619 3090 quadragesimum
643 3017 790 3092 quartum
814 3013 961 3091 superius
978 3011 1160 3091 predictum
1176 3011 1369 3084 duraturam

63 3123 242 3186 eximentes
266 3139 321 3185 eos
344 3126 377 3185 et
399 3122 562 3186 ciuitatem
579 3142 689 3186 eorum
713 3123 752 3186 ab
776 3124 922 3187 omnibus
945 3124 1096 3187 oneribus
1121 3128 1153 3187 et
1175 3122 1369 3187 faccionibus

62 3234 228 3315 predictis
252 3239 347 3314 prout
369 3235 401 3297 in
425 3233 498 3298 aliis
522 3235 641 3298 domini
658 3235 811 3315 genitoris
829 3236 929 3299 199111
949 3235 1085 3315 predicti
1101 3234 1203 3298 literis
1220 3239 1252 3297 et
1271 3233 1367 3295 liber·

62 3347 184 3411 tatibus
215 3346 339 3426 pridem
361 3348 408 3410 919
431 3366 488 3427 per
511 3348 647 3411 eundem
670 3346 834 3410 dominum
856 3348 1033 3427 genitorem
1060 3352 1204 3410 nostrum
1228 3344 1311 3407 datis
1335 3349 1367 3407 et

63 3459 226 3524 concessis
257 3458 383 3538 plenius
407 3459 596 3525 continetur.
642 3459 830 3524 Mandamns
854 3460 962 3541 itaque
986 3459 1130 3524 districte
1153 3457 1366 3539 precipientes

62 3572 224 3636 uniuersis
247 3576 280 3634 et
302 3571 438 3652 singulis
466 3572 650 3652 capitaneis
674 3571 864 3637 officialibus
887 3578 920 3636 et
942 3572 1119 3636 rectoribus
1143 3569 1270 3648 nostris,
1294 3587 1366 3649 pre-

63 3685 209 3749 sentibus
240 3688 273 3748 et
303 3682 428 3762 futuris,
462 3689 618 3765 quatenus
648 3684 789 3766 prefatos
821 3684 909 3749 ciues
932 3688 965 3748 et
988 3684 1150 3748 ciuitatem
1174 3681 1366 3762 Pragenscm

62 3798 220 3862 Maiorem
244 3815 340 3877 super
362 3797 441 3877 ipsis
465 3797 586 3861 domini
609 3798 763 3878 genitoris
786 3800 887 3862 nostri
911 3796 1026 3878 prefati
1050 3816 1086 3861 99
1110 3794 1230 3860 1191119
1253 3794 1366 3857 immn-

62 3911 220 3974 nitatibus
245 3928 282 3973 ac
305 3909 506 3974 libertatibus
522 3912 569 3974 eis
589 3929 646 3990 per·
662 3911 765 3991 ipsum
788 3910 950 3975 dominum
969 3909 1146 3990 genitorem
1169 3911 1312 3971 nostrum
1335 3912 1367 3970 91

62 4041 120 4087 119
136 4021 285 4104 graciose
301 4019 392 4086 199119
408 4026 440 4085 91
457 4021 616 4086 concessis
632 4040 695 4085 non
708 4021 888 4099 molestent,
905 4022 1085 4102 inquietent
1099 4025 1155 4083 aut
1169 4020 1365 4100 perturbent,

61 4156 120 4201 nec
142 4133 322 4212 molestari,
345 4135 517 4216 inquietari
534 4140 589 4198 911
603 4134 725 4198 turbari
741 4153 799 4214 per·
814 4135 996 4216 quempiam
1011 4132 1206 4215 permittant,
1230 4132 1365 4196 durante

60 4245 277 4331 quadriennio
306 4246 460 4326 predicto,
491 4246 712 4325 promittentes
745 4245 874 4325 insuper
904 4246 992 4326 ipsos
1023 4247 1111 4310 ciues
1142 4250 1175 4309 91
1203 4245 1366 4310 ciuitatem

1191 4380 1206 4425 c
