3068 5160
196 354 258 417 190

195 563 235 627 de
258 566 346 626 certa
367 563 476 625 nostra
498 557 632 623 scientia
656 557 828 640 gratiosius
851 557 1051 624 annectimus
1073 563 1107 624 et
1127 558 1256 624 unimus
1271 577 1330 640 pro
1347 559 1493 625 ministro

194 672 330 755 praefati
362 671 474 736 altaris
504 670 676 751 habendas,
711 669 870 736 tollendas
902 674 935 735 et
965 671 1057 736 annis
1088 671 1225 753 singulis
1256 672 1316 737 sub
1348 672 1494 738 libertate

194 785 412 852 ecclesiastiea
441 783 605 866 perpetuis
628 784 824 866 temporibus
847 783 948 849 libere
971 790 1005 849 et
1025 783 1157 867 pacifice
1188 785 1413 867 possidendas,
1444 804 1494 851 vo·

194 899 296 964 lentas
326 899 423 964 etiam
453 894 486 962 et
507 896 645 978 benigne
676 896 922 976 eonsentientes,
953 896 1036 979 qvod
1062 898 1116 980 jus
1146 902 1333 980 patronatus
1360 897 1493 980 praefati

194 1011 306 1076 altaris
329 1011 369 1075 ad
392 1008 566 1092 praefatam
582 1007 796 1088 catharinam,
820 1009 969 1092 qvamdiu
990 1010 1052 1075 sibi
1067 1010 1134 1075 vita
1156 1030 1195 1075 ex
1217 1009 1282 1075 alto
1299 1011 1492 1090 conceditur,

193 1129 227 1189 et
256 1124 297 1188 ad
326 1125 485 1188 neminem
515 1121 614 1187 aliurn
644 1126 677 1187 et
704 1127 779 1202 post
808 1122 910 1203 ipsius
943 1121 1134 1188 Catharinae
1163 1123 1249 1188 vitae
1278 1128 1427 1205 tempora
1456 1125 1492 1188 ad

193 1236 350 1302 Joannem
374 1237 413 1300 de
437 1235 559 1314 Giezin,
591 1233 786 1316 sigismundi
817 1235 856 1299 de
880 1234 982 1315 0r1i1r,
1014 1235 1243 1300 subcamerarii
1273 1236 1377 1301 nostri
1409 1237 1492 1301 cubi·

195 1348 351 1413 eularinm
381 1354 413 1414 et
441 1346 641 1426 familiarem,
672 1346 800 1413 fidelem
829 1352 976 1413 nostrum
1005 1347 1168 1426 dilectum,
1192 1349 1344 1431 quamdiu
1368 1349 1490 1427 vixerit,

193 1461 354 1543 pertinere
378 1465 411 1524 et
433 1466 577 1543 spectare
593 1460 717 1540 debeat,
741 1460 811 1525 sine
835 1451 1062 1543 impedimento
1079 1467 1112 1525 et
1127 1461 1380 1527 contradictione
1399 1463 1492 1529 etiam

194 1591 462 1655 qvorumeunque,
492 1571 566 1654 post
595 1577 730 1638 mortem
752 1592 828 1637 vero
850 1572 1066 1654 praefatorum
1089 1571 1281 1638 Catharinae
1304 1578 1338 1639 et
1360 1574 1492 1640 Joannis

193 1685 233 1750 de
255 1684 366 1748 Giezin
386 1686 440 1767 jus
463 1689 650 1765 patronatus
672 1685 807 1767 praefati
824 1684 935 1750 altaris
959 1687 999 1751 ad
1023 1686 1170 1751 eonsules
1194 1685 1331 1752 Minoris
1355 1687 1492 1754 civitatis

193 1797 364 1879 Pragensis
386 1798 495 1862 venire
518 1797 634 1863 debeat
647 1797 778 1864 realiter
797 1805 829 1863 et
844 1797 980 1878 devolvi,
1004 1804 1038 1863 et
1060 1798 1093 1863 in
1117 1816 1235 1878 casum,
1259 1817 1320 1881 qvo
1346 1801 1380 1864 in
1403 1820 1492 1882 prae

193 1910 372 1975 sentations
388 1910 522 1990 praefati
539 1910 650 1975 altaris
667 1911 750 1975 inter
765 1910 925 1992 praefatos
942 1911 1089 1976 consules
1113 1911 1179 1976 ullo
1195 1930 1334 1994 unqram
1350 1917 1492 1995 tempore

193 2022 285 2085 fieret
307 2022 465 2086 dissensio
489 2030 522 2087 et
544 2023 714 2103 discordia,
738 2024 784 2088 ita
806 2028 843 2087 ut
857 2024 896 2089 de
911 2042 1049 2105 persona
1070 2025 1110 2089 ad
1125 2023 1303 2105 praefatum
1319 2024 1423 2090 altare
1438 2044 1493 2107 per

192 2135 279 2215 ipsos
304 2137 537 2215 praesentanda
561 2135 753 2200 concordare
772 2154 835 2199 non
852 2141 991 2216 possent,
1015 2137 1216 2201 decernimus
1232 2142 1264 2201 et
1280 2136 1490 2215 declaramus,

192 2248 276 2329 qvod
306 2247 345 2311 ad
376 2266 468 2328 qvam
504 2248 641 2329 partium
676 2246 842 2314 consulum
876 2267 933 2329 pro
964 2250 1198 2330 praesentando
1233 2249 1492 2315 dissentientium

192 2359 298 2424 vitrici
321 2364 354 2423 et
375 2359 605 2440 gubernatores
620 2359 776 2424 eeclesiae
792 2361 894 2424 saneti
909 2358 1035 2425 Nicolai
1050 2361 1233 2442 praedictae
1249 2361 1491 2442 declinaverint

191 2490 329 2553 persona
349 2477 552 2553 praesentata
573 2489 631 2552 per
652 2477 774 2553 partem
798 2472 964 2538 consulum
986 2493 1045 2556 per
1067 2474 1265 2538 ordinarium
1286 2473 1351 2539 loei
1375 2475 1490 2541 debeat

192 2584 336 2663 legitime
359 2582 548 2649 confirmari.
586 2584 807 2650 Praesentium
830 2585 889 2650 sub
913 2592 1041 2651 nostrae
1066 2587 1242 2668 majestatis
1265 2587 1376 2668 sigillo
1402 2589 1491 2654 testi-

192 2697 299 2761 monio
322 2696 512 2761 litterarum.
535 2697 653 2761 Datum
677 2698 709 2761 in
725 2697 826 2762 Greez
848 2717 931 2762 anno
956 2699 1075 2763 domini
1091 2698 1262 2765 millesimo
1279 2701 1491 2783 qradringeu·

192 2809 305 2874 tesimo
336 2809 486 2887 seeundo,
518 2808 570 2873 die
593 2809 760 2875 undecimo
790 2810 953 2889 duruerit,
988 2830 1158 2891 regnorum
1192 2818 1375 2878 nostrorum
1408 2833 1490 2879 anno

192 2923 342 2987 Boomiae
365 2923 526 2987 tricesimo
550 2940 644 3001 nono,
667 2923 881 2987 Romanorum
905 2942 980 2988 vero
1003 2923 1156 2989 vicesimo
1180 2927 1279 2990 sexto.

296 3078 438 3130 Obsaieno
457 3094 472 3129 v
491 3077 650 3132 konfirmaei
674 3077 807 3146 privilegii
831 3078 919 3131 eisaie
937 3076 1079 3145 Leopolda
1097 3079 1117 3131 I.
1137 3077 1162 3132 d.
1181 3094 1217 3131 na
1234 3078 1321 3132 hrade
1339 3079 1488 3134 Praiskim

192 3179 232 3224 22¹1.
253 3172 377 3238 prosince
398 3178 462 3225 1657
482 3174 502 3237 Ι,
526 3177 574 3228 dis.
593 3178 626 3226 83
648 3172 792 3226 rarehivu
811 3188 846 3226 m.
864 3172 962 3240 Prahy.
997 3172 1099 3226 Krome
1117 3172 1183 3226 toho
1202 3171 1331 3242 potvrdili
1348 3181 1426 3229 tento
1446 3177 1491 3229 list

191 3266 346 3320 Ferdirmnd
364 3268 383 3320 Ι.
403 3284 438 3321 na
456 3268 540 3322 hrade
557 3268 705 3322 Praislrem
724 3274 765 3321 24.
784 3268 841 3321 attii
861 3272 941 3335 15473
959 3266 1112 3321 Ferdinand
1130 3269 1164 3322 ΙΙ.
1183 3284 1219 3321 na
1236 3267 1322 3322 hredd
1339 3268 1488 3324 Pradskem

194 3368 232 3414 15.
253 3363 352 3415 kr'itna
371 3369 452 3430 16283
472 3364 559 3417 Mario
576 3363 686 3418 Teresie
705 3378 736 3417 ve
754 3362 836 3415 Vidni
856 3369 896 3417 16.
915 3365 1013 3416 cerina
1033 3369 1098 3417 1747
1118 3379 1134 3416 a
1152 3363 1298 3418 Frantiiek
1316 3364 1337 3419 1.
1356 3381 1390 3419 ve
1408 3365 1487 3420 Vidni

194 3465 233 3510 13.
252 3457 442 3512 kretna1808.

769 3617 834 3697 ors.
860 3634 931 3697 rar.

575 3789 679 3856 1405.
714 3789 746 3854 s.
770 3788 894 3855 ronna.
931 3771 1089 3855 terror.

192 3943 274 4005 Kro'l
304 3943 417 4006 Vdelao
439 3942 496 4005 IV.
520 3943 680 4028 *oyhlodejc
703 3941 810 4027 ndlozgs
828 3944 954 4027 poncio&
973 3969 991 4006 o
1008 3945 1193 4027 poslodnielr
1215 3945 1308 4010 letech
1324 3951 1418 4033 proti
1438 3974 1486 4014 ne·

187 4056 345 4136 protelem
361 4081 382 4119 a
397 4055 545 4119 disciderint
566 4056 716 4140 zentskrjoa
732 4058 862 4119 redimine
873 4080 894 4118 a
909 4059 1051 4141 rra-'mzuje
1067 4058 1268 4140 paritorium
1290 4084 1311 4123 a
1330 4061 1489 4126 kondoldm

192 4163 321 4231 Stat-oto
344 4172 440 4232 misto
462 4169 645 4244 Praiakeho,
663 4169 764 4253 jokoi
782 4171 797 4231 τ’
810 4170 923 4253 jiny'oh
944 4172 1019 4233 roe'at
1041 4170 1253 4256 kroloasagjca,
1271 4172 1349 4259 yoby
1365 4176 1488 4259 podpo·

190 4280 295 4342 rooolr'
318 4304 475 4364 poprooee
497 4282 663 4365 Ierajsloc'v
685 4284 804 4345 37ίήάηὶ
831 4282 986 4347 alodioeeiv
1008 4307 1029 4345 a
1051 4285 1133 4346 seori
1154 4307 1168 4347 s
1183 4286 1252 4368 jieh
1276 4290 1404 4368 pomoet
1424 4287 1490 4351 aad

192 4392 322 4475 koidy'm
347 4393 568 4476 poproooeole‘,
599 4393 718 4479 kdocoy
746 4396 823 4458 zanni
844 4394 915 4458 daile
937 4394 1034 4471 auoit
1064 4397 1163 4479 jerkoi
1182 4399 1196 4459 i
1217 4397 1283 4460 aad
1306 4401 1388 4474 ami,
1413 4400 1494 4464 ledor

324 4506 491 4588 piijimoji
512 4529 533 4567 a
555 4507 670 4591 krrprojz'
691 4509 755 4569 edei
775 4508 916 4571 cadomi
936 4506 993 4570 nob
1017 4507 1219 4590 lapkoroiaioa
1247 4509 1352 4576 broad.
