3090 5370
118 454 158 516 72
385 440 388 447 '
731 452 805 500 raas.

118 661 155 723 de
181 666 285 722 cetero
310 677 366 738 per
389 657 469 720 duos
493 674 593 720 annos
617 655 788 720 inrnediate
820 662 992 738 sequentes
1022 674 1079 737 pro
1104 655 1246 736 ipsorum
1275 658 1309 716 et
1332 653 1424 717 dicte

120 772 259 835 ciuitatis
282 776 389 834 nostre
413 768 523 834 vsibus
545 768 688 849 recipere
711 768 842 850 pacifice
865 774 899 833 et
922 768 1040 850 quiete,
1071 774 1104 832 et
1133 767 1256 831 eisdem
1289 767 1422 830 duobus

49 965 53 973 Ι
117 885 208 948 annis
240 884 389 947 similiter
420 881 573 964 expiratis
603 882 642 947 de
676 882 846 946 medietate
879 881 956 945 dicti
987 880 1109 962 vngelti
1140 897 1198 945 nos
1233 879 1421 959 disponere.

117 997 221 1061 facore
244 1002 277 1060 et
299 995 448 1060 ordinare
471 995 647 1076 poterimus
670 994 771 1059 libere
794 994 882 1057 iuxta
911 997 1054 1058 nostram
1083 992 1289 1074 voluntatem,
1322 999 1423 1073 prout

117 1110 207 1173 nobis
240 1108 401 1172 ridebitur
431 1107 545 1172 melius
570 1114 603 1172 et
624 1106 736 1171 utilius
770 1106 930 1187 expedire,
962 1105 1149 1170 mandantes
1180 1104 1239 1168 sub
1270 1104 1422 1169 districta

116 1221 325 1303 precepcione
348 1220 439 1301 regia
461 1220 614 1302 predictis
637 1219 756 1283 Karolo
780 1218 956 1282 marchioni
975 1216 1120 1282 Morauie
1143 1216 1357 1298 primogenito
1386 1224 1423 1280 et

112 1322 254 1397 ’.10110001
278 1334 351 1396 duci
374 1333 541 1397 Karinthie
564 1332 640 1410 filio,
664 1331 782 1397 nostris
804 1330 994 1410 karissimis,
1025 1348 1084 1394 nec
1113 1346 1176 1393 non
1202 1328 1362 1393 uniuersis
1387 1337 1422 1394 et

117 1447 252 1524 singulis
271 1496 278 1510 .
296 1495 303 1510 .
320 1445 505 1527 capitaneis
525 1444 768 1524 ..camerariis
787 1494 794 1510 .
813 1494 820 1508 .
838 1443 1083 1508 subcamerariis
1107 1447 1140 1507 et
1162 1440 1355 1506 officialibus
1381 1461 1421 1506 ac

118 1559 294 1622 rectoribus
317 1558 446 1635 nostrie,
471 1558 526 1640 qui
549 1576 634 1623 nunc
656 1562 731 1620 sunt
752 1557 803 1623 rel
826 1556 946 1622 fuerint
967 1575 1025 1637 pro
1048 1561 1201 1637 ternpore,
1226 1560 1260 1618 rt
1273 1554 1420 1635 prelatos

117 1671 205 1735 ciues
228 1677 356 1734 nostros
378 1671 556 1751 Progenses
579 1670 611 1734 in
634 1668 759 1751 prefata
781 1670 889 1753 gracia
912 1687 970 1733 seu
1004 1668 1152 1733 libertate
1185 1668 1232 1732 eis
1263 1685 1421 1733 concessa

116 1789 149 1846 et
171 1784 245 1847 data
268 1802 331 1847 000
355 1782 493 1848 debeant
523 1801 581 1847 nec
611 1787 797 1864 presumant
819 1781 983 1863 impedire,
1016 1780 1187 1857 molestare
1211 1780 1419 1864 000011000-

117 1894 191 1958 liter
214 1913 401 1975 aggrauare‚
425 1894 681 1975 indignacionem
704 1895 827 1975 regiam
849 1898 883 1958 et
903 1912 1019 1975 penam
1041 1894 1274 1974 grauissimam,
1310 1895 1340 1957 si
1363 1895 1420 1976 qni

118 2006 149 2069 in
174 2006 368 2069 contrarium
391 2007 620 2088 premissorum
644 2006 809 2089 quitquam
831 2004 966 2071 fecerint
985 2011 1018 2070 et
1032 2011 1198 2088 acceptare
1213 2024 1420 2087 presumpse-

116 2120 189 2194 rint,
214 2136 249 2182 se
272 2118 422 2182 nouerint
445 2119 639 2184 incursuros.
684 2118 728 2183 Et
750 2119 790 2183 ad
812 2118 991 2200 pleniorem
1014 2119 1197 2184 huiusmodi
1227 2118 1337 2199 gracie
1361 2137 1420 2182 sen

118 2231 274 2294 libertatis
305 2230 544 2311 certitudinem,
577 2231 782 2296 securitatem
812 2235 846 2296 et
875 2230 1033 2296 cautelam
1068 2230 1247 2296 antedictus
1277 2231 1420 2296 Karolus

117 2342 349 2423 primogenitus
380 2348 498 2422 noster,
528 2342 670 2407 marchio
694 2341 849 2424 Morauie‚
881 2362 938 2424 pro
969 2343 1061 2408 nobis
1092 2350 1125 2408 et
1153 2363 1216 2408 rna
1250 2343 1420 2408 nobiscum

117 2455 264 2536 promisit
286 2456 319 2520 in
342 2455 480 2520 solidum
502 2460 535 2519 et
556 2455 714 2537 promittit
736 2455 854 2519 dictam
888 2457 1028 2537 graciam
1051 2461 1084 2521 et
1106 2455 1288 2521 libertatern
1313 2461 1420 2521 custo-

118 2566 196 2646 (lire,
220 2567 385 2632 attendere
408 2573 442 2631 et
464 2566 695 2632 inuiolabiliter
718 2568 900 2634 obseruare.
946 2569 984 2633 In
1007 2569 1097 2633 cuius
1124 2569 1172 2633 rei
1196 2568 1421 2633 testimonium

118 2685 283 2760 presentes
305 2679 402 2745 scribi
424 2679 558 2743 fecimus
581 2679 705 2744 litteras
736 2684 768 2744 et
791 2678 890 2760 sigilli
913 2681 1014 2745 nostri
1036 2699 1170 2745 unacum
1201 2679 1310 2758 sigillo
1343 2681 1421 2744 dicti

120 2792 324 2873 primogeniti
347 2793 448 2855 nostri
471 2791 665 2874 appensione
688 2791 816 2857 muniri.
861 2791 905 2855 Et
935 2810 992 2855 nos
1015 2791 1154 2856 Karolus
1184 2791 1421 2873 primogenitus

119 2904 196 2968 dicti
211 2903 332 2968 domini
348 2905 433 2985 regis
448 2904 590 2984 Boemie,
607 2903 748 2968 marchio
764 2902 919 2983 Morauie‚
936 2903 1140 2985 promisimus
1156 2909 1189 2967 et
1203 2902 1422 2983 promittimus

119 3015 285 3081 bonafide
308 3016 378 3082 sine
402 3016 475 3081 dolo
500 3037 571 3081 cnm
602 3017 671 3098 ipso
702 3021 736 3080 et
764 3036 821 3098 pro
845 3017 914 3098 ipso
942 3015 1070 3080 domino
1087 3065 1095 3080 .
1113 3065 1120 3080 .
1137 3016 1282 3095 genitore
1306 3023 1418 3080 nostro

118 3127 235 3192 dictam
258 3128 399 3209 graciam
421 3133 454 3193 et
477 3128 657 3193 libertatem
681 3129 851 3207 custodire,
875 3130 1039 3193 attendere
1062 3134 1096 3192 et
1110 3126 1343 3192 inuiolabiliter
1362 3129 1420 3194 ob-

119 3257 249 3305 seruare
272 3259 331 3305 nec
353 3241 420 3322 pati
442 3259 500 3322 per
522 3241 703 3322 quempiam
726 3240 825 3305 aliurn
848 3241 1050 3322 aliquatenus
1074 3239 1197 3304 violari.
1229 3239 1266 3302 In
1282 3259 1422 3321 quorum

120 3350 261 3415 omnium
274 3351 492 3416 testimonium
511 3358 676 3434 presentes
700 3352 824 3417 litteras
848 3352 948 3434 sigilli
969 3353 1071 3416 nostri
1090 3370 1152 3415 rna
1168 3371 1240 3416 cunr
1263 3353 1422 3432 sepedicti

120 3463 240 3527 domini
256 3463 410 3545 genitoris
425 3465 527 3529 nostri
543 3464 642 3544 sigilli
659 3465 908 3547 appensionibus
923 3464 1057 3529 fecimus
1078 3465 1276 3529 connnuniri.
1300 3465 1421 3529 Datum

120 3575 221 3657 l'rage
251 3575 284 3640 10
313 3575 365 3640 die
396 3581 578 3640 sanctorum
608 3574 722 3641 Cosme
756 3582 789 3641 et
811 3577 961 3642 Damiani
992 3578 1157 3642 martirum
1188 3596 1271 3641 anno
1295 3578 1418 3642 domini

119 3688 289 3755 millesimo
313 3689 536 3754 trecentesimo
560 3688 804 3770 quadragesimo
827 3690 949 3771 quinto.

222 3871 304 3924 Liber
321 3869 524 3924 uetustissimus
541 3868 743 3938 privilegiorum
761 3871 784 3922 d.
802 3876 852 3923 993
873 3870 920 3924 dtr.
940 3878 954 3922 2
974 3886 990 3921 r
1008 3869 1118 3923 archivo
1138 3887 1171 3924 nr.
1191 3869 1288 3937 Pralry.

700 4105 763 4190 crs.
786 4124 839 4188 cs.

477 4305 578 4375 1347.
614 4307 644 4374 3.
669 4305 808 4372 dubna.
845 4302 1062 4372 Kiivoklat.

124 4481 206 4545 lircil
239 4482 338 4547 Korel
368 4485 390 4546 I
395 4486 424 4549 17.
458 4486 621 4572 zurrry'dlcjc
653 4486 778 4550 zoloz'r'ic'
805 4484 896 4549 Nouc‘
925 4489 1018 4550 0ιέ010
1053 4485 1203 4560 Praiskc',
1232 4485 1318 4548 ddcci
1348 4484 1424 4548 Sto·

123 4598 208 4658 rema
240 4600 337 4659 mesto
368 4596 562 4681 obezpedarri,
599 4603 630 4660 ἕο
664 4598 800 4662 zaloiem'
833 4609 893 4662 1010
931 4603 1022 4661 001οά
1057 4597 1124 4682 by'd
1155 4622 1197 4661 uo
1233 4600 1317 4682 ujrrru
1345 4600 1425 4681 jelao
