3090 5370
192 350 214 414 ‚3
815 345 890 392 ram.

194 574 335 620 mensem
365 572 427 619 non
461 552 594 631 dederit,
625 550 690 615 illis
712 551 818 614 usuris
847 539 1030 615 accrescant
1050 564 1156 613 vsure.
1200 548 1281 613 Item
1311 549 1438 614 nullum
1462 553 1493 616 in

194 671 286 733 domo
310 667 405 730 Judei
429 666 577 730 uolumus
599 663 765 745 hospitari.
787 663 868 727 Item
890 663 918 727 si
934 660 1057 726 Judeus
1081 679 1177 742 super
1198 663 1420 744 possessiones
1440 672 1496 728 aut

194 782 304 844 literas
328 784 512 859 prognatum
533 782 620 841 terro
640 776 810 859 pecuniam
832 776 1036 854 mutuauerb,
1065 780 1101 838 et
1122 774 1182 839 boc
1203 792 1261 856 per
1283 791 1359 838 suas
1382 775 1495 839 literas

193 900 226 957 et
247 891 390 974 sigillum
412 889 605 972 probauerit,
628 906 688 954 nos
703 887 807 953 Judeo
830 888 900 952 iure
922 888 1058 952 allorum
1080 889 1249 970 pignorum
1271 890 1494 969 possessiones

193 1005 427 1086 assignabimus
461 1002 619 1084 obligatas
653 1007 686 1065 et
715 1003 745 1066 ei
775 1019 830 1065 eas
865 1007 976 1065 contra
1008 1000 1197 1066 violenciam
1231 999 1452 1066 defendemus.
1464 1003 1495 1079 *l

194 1120 273 1183 Item
296 1119 324 1181 si
347 1117 465 1198 aliquis
488 1115 538 1179 vel
571 1114 680 1195 aliqua
710 1133 843 1196 puemm
866 1112 961 1177 Judei
992 1113 1169 1193 abduxerit,
1200 1118 1236 1177 ut
1264 1111 1315 1176 fur
1345 1113 1496 1177 uolumus

193 1232 452 1311 condempnetur.
497 1228 578 1291 Item
602 1229 630 1293 si
653 1225 777 1292 Judeus
799 1223 994 1309 receperit')
1017 1245 1037 1291 a
1060 1224 1219 1290 Cristiano
1242 1226 1359 1306 pignus
1383 1230 1417 1290 et
1439 1245 1497 1307 per

193 1345 334 1425 spacium
358 1342 432 1406 anni
455 1343 612 1420 tenuerim
644 1342 672 1404 si
695 1340 837 1422 pigneris
860 1338 951 1404 valor
980 1343 1122 1403 mutuam
1152 1338 1319 1420 pecuniam
1350 1357 1415 1402 non
1443 1359 1496 1403 ex-

193 1457 336 1532 cesserit,
367 1452 489 1518 Judeus
515 1453 616 1535 judici
646 1471 704 1516 suo
734 1452 850 1533 pignus
880 1451 1111 1516 demonstrabit
1139 1455 1173 1515 et
1200 1456 1313 1532 postea
1336 1451 1495 1515 vendendi

193 1569 310 1632 babeat
330 1566 522 1632 libertatem.
567 1565 600 1631 Si
624 1565 709 1648 quod
731 1566 847 1647 pignus
870 1570 948 1647 aput
969 1563 1107 1629 Judeum
1140 1564 1225 1629 dlem
1248 1567 1281 1627 ct
1304 1582 1425 1628 annum
1449 1583 1497 1627 re·

194 1681 356 1758 manserit,
390 1679 472 1744 nulli
502 1697 598 1760 super
626 1683 740 1760 postea
769 1677 984 1760 respondebit.
1029 1678 1109 1743 Item
1132 1676 1289 1755 volumus,
1321 1680 1358 1740 ut
1388 1676 1497 1740 nullus

195 1792 334 1858 Jndeum
358 1810 455 1874 super
477 1791 641 1857 solucione
663 1793 832 1873 pignorum
855 1792 888 1855 ln
911 1808 970 1854 suo
992 1789 1098 1855 feriali
1128 1790 1181 1855 die
1203 1789 1320 1855 audeat
1341 1796 1498 1853 coartare.

194 1907 275 1970 Item
298 1906 490 1987 quicumque
513 1902 744 1969 Gristianorum
766 1903 870 1968 Judeo
899 1904 1043 1984 pervim
1066 1901 1235 1968 abstulerit
1263 1903 1380 1984 pignus
1404 1920 1497 1967 suum

194 2024 250 2083 aut
264 2017 460 2081 ‘violenciam
483 2017 517 2081 in
540 2016 633 2080 domo
664 2033 723 2081 sua
754 2015 942 2094 exercuerit
973 2019 1008 2079 vt
1029 2015 1203 2095 dissipator
1232 2033 1358 2079 camare
1389 2021 1498 2079 nostre

198 2126 340 2213 grauiter
361 2130 521 2211 punietur.
566 2129 647 2193 Item
670 2133 780 2195 contra
801 2127 940 2193 Judeum
963 2146 1028 2192 non
1050 2127 1112 2192 uisi
1136 2127 1169 2191 in
1193 2126 1290 2192 scobs
1317 2128 1351 2193 in
1377 2129 1498 2193 iudicio

194 2243 394 2325 procedatur,
417 2241 510 2307 nobis
533 2241 684 2323 exceptis,
709 2241 785 2322 quia
807 2259 863 2305 eos
885 2257 1056 2322 possumus
1078 2240 1118 2305 ad
1132 2246 1275 2306 nostram
1297 2243 1499 2322 presenciam

197 2373 342 2447 euocare.
398 2354 479 2418 Item
513 2353 602 2417 iuxta
635 2353 883 2418 constituciones
916 2371 997 2435 pape
1031 2353 1064 2418 in
1097 2354 1226 2418 nomine
1259 2354 1362 2418 sancti
1382 2355 1498 2435 'patris

197 2467 299 2533 nostri
330 2465 529 2531 dissmccius
556 2464 772 2546 probibemus,
803 2485 843 2531 ne
866 2466 906 2530 de
929 2473 1035 2531 cetero
1062 2465 1158 2531 Judei
1181 2466 1301 2548 singuli
1327 2468 1360 2531 in
1388 2473 1499 2531 nostro

195 2579 337 2644 domiuio
367 2578 533 2644 constituti
563 2579 701 2642 debeant
731 2578 864 2661 culpari,
896 2579 981 2661 quod
1003 2577 1142 2645 humano
1164 2585 1293 2645 vtantm
1324 2580 1499 2662 sanquine,

195 2712 266 2757 cum
288 2693 377 2755 iuxta
398 2696 582 2773 preceptum
604 2690 686 2772 legis
709 2690 749 2756 ab
772 2692 857 2756 omni
888 2709 1019 2773 prorsus
1051 2694 1213 2774 sangnine
1237 2711 1273 2757 se
1295 2691 1392 2757 Judei
1425 2713 1499 2757 oon·

194 2806 319 2870 timeant
348 2803 500 2868 uniuersi.
544 2804 626 2868 Item
656 2803 836 2882 statuImus
870 2811 916 2883 ut,
951 2805 1107 2887 quidquid
1137 2803 1261 2870 Judeus
1292 2806 1499 2884 mutuauerit,

195 2918 265 2981 siue
288 2934 401 2981 aurum
423 2915 528 2996 luerit
559 2916 682 2981 denarii
706 2917 756 2981 vel
787 2923 964 2998 argentum,
995 2918 1080 2983 idem
1111 2917 1173 2999 ipsi
1204 2917 1287 2982 solui
1319 2935 1376 2980 seu
1409 2917 1499 2981 reddi
1528 2965 1530 2969 .

197 3028 313 3093 debeat
335 3046 406 3093 oum
429 3047 526 3094 usura
554 3016 673 3109 debita,
704 3048 766 3112 que
789 3030 951 3095 accrescit.
995 3030 1039 3095 Et
1060 3036 1097 3095 ut
1118 3030 1234 3109 omnia,
1258 3049 1320 3112 que
1342 3032 1501 3111 premissa

195 3147 279 3219 sunt
303 3147 459 3223 perpetue
482 3141 648 3207 obtineant
669 3141 829 3207 firmitatis
852 3143 959 3222 robur,
989 3161 1123 3225 presens
1154 3143 1401 3207 instrumentum
1429 3162 1501 3207 cum

195 3253 327 3318 testium
359 3255 570 3319 annotacione
600 3255 680 3336 ipsis
710 3254 857 3319 dedimus
888 3274 959 3319 cum
991 3255 1091 3335 sigilli
1121 3256 1222 3320 nostri
1254 3260 1417 3320 caractere
1443 3274 1501 3336 pro

195 3364 331 3430 cautela.
366 3362 479 3429 Testes
502 3384 577 3431 vero
601 3371 676 3430 sunt
697 3366 761 3431 bii:
784 3366 959 3438 Benessius
982 3368 1176 3433 camerarius
1197 3366 1353 3446 Meranda
1381 3365 1502 3432 Jenczo

193 3479 236 3543 de
260 3476 388 3557 bobun,
421 3476 595 3543 Hartlebus
617 3477 718 3543 frater
748 3496 835 3558 suus,
863 3475 953 3543 Cuno
983 3478 1198 3544 marschalcus
1232 3477 1502 3553 ‹leWeweri11⁹l,

195 3590 297 3655 Smila
320 3591 360 3656 de
374 3590 551 3671 Brnmowe,
575 3590 738 3656 Dietricus
753 3591 839 3656 lilius
854 3590 1020 3672 Hrutonis
1043 3591 1163 3657 Bsnata
1178 3590 1311 3673 dapifer,
1330 3589 1501 3674 Nezampsl

195 3702 357 3784 pincerna,
379 3702 558 3767 Robussius
580 3702 667 3768 filius
689 3702 848 3784 Chironis,
877 3703 1056 3769 Bobussius
1086 3704 1126 3768 de
1148 3703 1259 3768 Tasow
1271 3699 1324 3784 ¹⁰),
1348 3701 1502 3769 NIeolaus

194 3812 460 3893 frater-Bononia
483 3813 599 3897 Hymlo
622 3815 662 3880 de
677 3813 837 3894 sallone,
860 3814 1026 3881 Jeroscius
1047 3815 1147 3882 frater
1170 3834 1257 3895 suus,
1280 3815 1502 3881 Markwardus

196 3923 322 4006 longus,
353 3925 525 3992 Wikardus
557 3928 597 3993 de
619 3927 734 4010 Tyma,
764 3927 880 3992 blilota
908 3926 1006 3993 frater
1036 3928 1193 4007 Benossii,
1224 3927 1380 3992 Laczlaus
1408 3927 1503 3993 Hart-

197 4038 289 4103 lebus
311 4037 397 4104 filius
420 4038 585 4122 Wyetena
607 4039 773 4105 lohannes
795 4040 835 4105 de
850 4038 1061 4120 Wssczemw,
1084 4041 1242 4106 Radslaus
1266 4041 1305 4105 de
1328 4039 1502 4105 Heroltirz.

197 4148 340 4214 Andreas
364 4150 464 4217 frater
486 4150 643 4230 Benessii,
667 4150 835 4216 Woozlaus
858 4152 898 4215 de
921 4151 1066 4217 Lubliclr.
1109 4152 1189 4216 Item
1213 4152 1393 4216 seruientes
1416 4152 1504 4216 Rati·

263 4324 282 4328 —
291 4324 454 4332 ——m

302 4406 329 4474 ⁸)
346 4406 385 4461 Po
405 4411 497 4462 amand
522 4408 653 4478 pllpsdno
671 4408 761 4463 rulrou
783 4408 846 4462 XVI
865 4410 971 4463 stoleII:
992 4410 1085 4477 „Nebo
1106 4410 1145 4478 jsi
1164 4408 1207 4462 iid
1226 4409 1279 4479 byI,
1310 4410 1431 4463 anebos
1444 4410 1505 4478 iidp·

199 4498 296 4568 pitteli
311 4499 383 4567 jmlti
402 4500 509 4556 manill*
