3068 5160
200 357 262 419 222
507 408 509 413 .
761 354 836 404 naa.

198 562 313 627 Maiori
335 561 488 644 Pragensi
511 560 662 626 uniuersa
691 567 724 626 et
755 560 882 641 singula
905 576 1015 624 eorum
1037 559 1222 642 priuilegia,
1251 557 1389 639 litteras,
1417 559 1491 642 jura.

198 677 332 758 gracias,
356 676 520 740 libertates
537 680 570 739 ct
585 675 818 752 concessiones,
841 673 921 755 ipsis
938 691 957 736 a
972 671 1046 737 diue
1061 671 1215 737 memorie
1238 671 1362 737 inclitis
1383 672 1491 755 princi·

196 789 301 870 pibus,
320 789 535 853 Romanorum
550 786 796 869 imperatoribus
812 790 845 851 et
858 785 1013 850 Bohemie
1029 785 1159 867 regibus
1174 789 1208 848 et
1222 783 1371 863 ducibus,
1387 784 1491 867 prede

197 901 376 966 sessoribus
393 901 521 979 nostris,
545 901 620 965 data
641 905 675 964 et
697 916 850 963 concessa
861 916 899 962 ac
914 897 1005 962 datas
1028 901 1061 961 et
1077 913 1254 977 concessas,
1278 901 1313 961 et
1335 896 1491 980 signanter

196 1013 414 1096 infrascriptos
426 1013 550 1077 litteras
563 1017 595 1076 et
606 1011 777 1093 priuilegia
791 1011 871 1093 ipsis
883 1015 916 1075 et
927 1010 1032 1075 eidem
1045 1009 1170 1074 ciuitati
1180 1027 1238 1092 per
1254 1010 1489 1075 serenissimum

195 1126 372 1208 principem
394 1125 497 1189 felicis
518 1124 753 1190 recordacionis
773 1124 935 1188 dominum
958 1123 1122 1202 Karolum,
1141 1122 1361 1187 Romanorum
1383 1127 1418 1187 et
1436 1121 1488 1186 Bo-

194 1239 300 1302 hemie
322 1256 441 1318 regem,
458 1237 634 1318 genitorem
650 1241 793 1301 nostrum
818 1235 1027 1314 carissimum,
1044 1252 1142 1317 super
1156 1254 1268 1301 eorum
1283 1235 1487 1311 libertatibus,

191 1351 318 1432 juribus
334 1355 366 1413 et
381 1349 498 1430 graciis
515 1349 605 1413 datas
621 1353 654 1413 et
669 1366 837 1414 concessas
852 1348 1039 1430 approbare,
1052 1345 1220 1426 ratificare,
1236 1348 1395 1413 innouare
1411 1353 1443 1413 et
1455 1347 1487 1411 de

195 1461 290 1527 solite
304 1463 510 1543 benignitatis
527 1462 700 1527 clemencia
715 1461 901 1527 confirmare
917 1462 1138 1544 dignaremur3
1155 1460 1246 1525 cuius
1257 1459 1390 1542 quidem
1404 1460 1487 1524 vuius

193 1575 301 1639 littere
330 1581 424 1639 tenor
450 1576 488 1640 de
515 1575 612 1640 verbo
636 1575 831 1639 adverbum
855 1575 1001 1656 sequitur
1030 1578 1064 1639 et
1085 1578 1135 1637 est
1159 1573 1250 1639 talis:
1283 1571 1424 1637 Karalus
1442 1573 1487 1637 dei

195 1688 303 1764 gracia
317 1695 378 1752 etc.
395 1686 582 1770 (Nasleduje
601 1689 657 1752 list
675 1687 765 1752 krale
779 1687 879 1752 Karla
894 1685 948 1753 lV.
964 1687 995 1752 d.
1010 1705 1031 1750 v
1046 1685 1253 1751 Drtldauech
1273 1685 1325 1750 at.
1346 1685 1486 1768 prosince

196 1801 278 1863 1348
292 1800 317 1865 i.
334 1801 400 1879 51.)
416 1838 459 1847 -
474 1801 551 1865 llarl
567 1819 629 1865 von
645 1805 735 1883 gotes
751 1800 876 1881 guaden
891 1804 952 1865 etc.
976 1798 1163 1881 (Ntsleduje
1177 1798 1234 1863 list
1246 1798 1341 1862 tebet
1356 1797 1445 1863 krale
1459 1797 1485 1861 d.

193 1934 234 1977 ua
249 1913 436 1978 liiivoklttb
458 1915 489 1980 3.
506 1914 612 1979 dubna
637 1913 718 1977 1347
743 1912 799 1979 ils.
821 1912 888 1994 48.)
912 1912 979 1977 Nos
997 1918 1104 1976 autern
1122 1910 1363 2003 considerantes
1386 1910 1486 1974 multi-

192 2026 330 2108 plicibus
358 2027 491 2105 meritis,
523 2027 638 2107 quibus
669 2025 732 2107 ipsi
763 2026 850 2090 ciues
882 2024 1022 2090 ciuitatis
1045 2023 1178 2088 Maioris
1201 2023 1374 2104 Progensn
1400 2023 1487 2087 nobis

193 2145 226 2202 et
259 2159 357 2221 regno
391 2144 500 2203 nostro
530 2138 682 2203 Bohemie
713 2140 857 2204 studiose
889 2135 1150 2217 complacuerunt
1179 2142 1212 2201 et
1242 2140 1332 2200 tanto
1364 2135 1485 2219 placere

193 2257 344 2333 poterunt
374 2251 555 2316 ferueucius
578 2252 784 2331 infuturum,
816 2256 935 2334 quanto
957 2249 1150 2331 largioribus
1178 2249 1359 2331 graciarum
1381 2267 1486 2314 mune·

192 2365 280 2429 ribus
304 2383 338 2428 se
362 2365 523 2428 senserint
552 2370 703 2428 anostra
733 2364 907 2428 clemencia
940 2363 1069 2429 vberius
1101 2361 1292 2439 consolatos,
1324 2363 1486 2444 potissime

192 2483 308 2557 autern,
327 2479 403 2558 quia
417 2478 450 2541 in
466 2478 607 2559 ipsorum
628 2477 745 2541 ciuium
761 2483 941 2541 nostrorum
960 2481 1130 2556 augmento
1154 2481 1186 2539 et
1208 2474 1363 2540 felicitate
1382 2476 1487 2540 natiue

192 2592 329 2672 quadam
360 2588 532 2654 affectione
562 2589 734 2673 plurimum
768 2588 955 2654 colletamur
984 2594 1017 2653 et
1047 2588 1087 2652 ad
1117 2606 1156 2652 ea
1186 2605 1314 2668 semper
1343 2587 1485 2669 diligenti

192 2722 268 2768 cura
290 2703 495 2780 intendimus,
521 2721 582 2784 que
604 2702 747 2783 ipsorurn
770 2707 845 2766 sunt
869 2701 1025 2765 commodi
1049 2705 1081 2764 et
1103 2698 1274 2781 profectae,
1305 2698 1485 2764 huiusmodi

191 2834 301 2879 eorum
325 2815 614 2896 supplicationibus
637 2813 885 2879 racionabilibus
907 2813 1088 2894 benigniter
1110 2812 1265 2890 inclinati,
1296 2813 1406 2877 animo
1437 2813 1485 2876 de·

192 2928 337 3005 liberato,
362 2946 504 3009 sanoque
526 2928 716 3009 principum,
739 2926 903 3005 baronum,
928 2925 1092 3004 nobilium,
1116 2925 1254 2989 militum
1280 2930 1314 2991 et
1336 2925 1485 2991 clientum

190 3046 372 3104 nostrorum
403 3045 434 3103 et
463 3042 554 3123 regni
576 3040 730 3105 Bohemie
757 3039 901 3104 fidelium
931 3039 1101 3102 accedente
1126 3038 1259 3103 consilio
1282 3042 1316 3102 et
1339 3039 1380 3103 de
1404 3043 1486 3105 certa

190 3158 301 3215 nostra
323 3153 471 3231 sciencia,
496 3155 684 3218 auctoritate
711 3153 870 3233 imperiali
895 3158 927 3217 et
950 3153 1038 3235 regia
1054 3151 1207 3215 Bohemie
1230 3150 1311 3232 ipsis
1334 3154 1484 3234 magistro

191 3265 319 3342 ciuium,
345 3266 598 3345 proconsulibus
630 3265 824 3344 consulibus,
844 3265 969 3348 juratis
1002 3264 1135 3344 ciuibus,
1165 3264 1387 3329 communitati
1412 3264 1485 3330 ciui·

94 3400 96 3405 ·
189 3378 264 3442 tatis
288 3378 430 3458 predicto
447 3378 579 3442 Maioris
601 3378 771 3459 Pragensis
795 3385 890 3459 atque
913 3377 1017 3441 cidem
1041 3377 1173 3454 ciuitati,
1199 3377 1407 3459 ipsorumque
1430 3377 1484 3440 iru-

189 3497 378 3571 perpetuum
401 3491 639 3555 successoribus
662 3491 812 3554 vnirrersa
828 3496 861 3554 et
876 3490 1003 3570 singula
1020 3508 1130 3553 eorum
1146 3488 1328 3570 priuilegia,
1352 3489 1483 3567 lit-teras,

185 3605 268 3685 jura,
299 3603 433 3683 gracias,
464 3603 638 3683 libertates
669 3604 860 3668 emunitates
882 3609 914 3667 et
938 3604 1159 3667 concessiones
1183 3619 1295 3665 eorum
1318 3602 1485 3682 predeces-

188 3716 314 3780 soribus
338 3736 375 3780 ac
397 3717 476 3797 ipsis
500 3716 625 3779 adluis
656 3717 774 3781 nostris
797 3715 1087 3797 predecessoribus,
1111 3715 1327 3778 Romanorum
1349 3714 1484 3795 impera-

187 3828 311 3892 toribus
335 3829 511 3909 stragibus
534 3847 657 3892 necnon
680 3829 814 3892 ducibus
830 3829 982 3892 Bohemie
1009 3828 1084 3891 (lata
1099 3833 1131 3891 et
1147 3844 1308 3905 concessa,
1334 3845 1371 3891 ac
1395 3826 1485 3891 datas

187 3945 221 4003 ot
243 3959 411 4006 concessas
441 3942 474 4005 in
504 3940 649 4004 omuibus
680 3947 713 4005 et
742 3941 877 4020 siugulis
909 3941 974 4005 suis
998 3939 1179 4018 sentenciis,
1212 3938 1376 4019 clausulis,
1409 3941 1484 4004 arti·

187 4051 278 4131 culis,
309 4055 436 4134 punctis
467 4059 562 4135 atque
591 4053 760 4145 'verborum
787 4053 1055 4133 expressionibus,
1087 4051 1152 4116 acsi
1181 4058 1310 4116 tenores
1342 4052 1486 4117 omnium

185 4166 388 4243 presentibus
411 4168 451 4230 de
473 4167 569 4230 verbo
593 4168 633 4229 ad
656 4165 786 4230 verbum
816 4165 921 4230 forent
942 4165 1054 4229 inserti
1077 4183 1114 4228 ac
1138 4165 1177 4228 de
1199 4164 1248 4227 eis
1271 4164 1311 4227 de
1334 4165 1409 4245 jure
1433 4163 1484 4229 uel

187 4278 416 4342 consuetudine
439 4280 569 4344 deberet
591 4278 660 4343 fieri
683 4279 806 4344 mencio
823 4279 981 4360 specialis,
1006 4284 1039 4343 et
1061 4277 1225 4358 signanter
1248 4278 1486 4359 suprascriptas

186 4386 253 4450 diui
265 4387 376 4450 Karoli
390 4393 491 4454 nostri
507 4392 661 4471 gerritoris
677 4391 801 4456 litteras
818 4398 850 4456 et
863 4391 1036 4473 priuilegia
1051 4398 1083 4455 et
1099 4391 1205 4455 omnia
1221 4389 1253 4453 iu
1270 4388 1393 4453 eisdem
1411 4408 1485 4455 cou-

185 4504 274 4564 tenta
289 4501 545 4582 approbauimus,
561 4504 800 4584 ratificauimus,
817 4504 1051 4583 iunouauiruus,
1070 4503 1326 4568 confinnauimus
1339 4504 1487 4584 graciose
