3068 5160
168 332 210 395 84
777 329 852 377 raas.

167 559 252 600 meae
279 537 390 600 atandri
420 533 532 598 dadon.
581 533 728 599 Kame
748 536 887 619 jmanaja
915 531 1064 617 epolonus
1087 529 1282 615 ffmlnilry,
1318 530 1393 594 letali
1420 546 1444 590 aa

167 648 269 713 balam
289 649 368 711 reka
390 647 430 710 do
452 645 579 710 Novello
601 650 697 711 masta
709 646 874 731 pr'eaidliti
894 647 983 729 maji,
1002 645 1078 710 tota}
1092 643 1291 728 aladooniky,
1309 643 1442 727 pisandr-

167 762 252 845 oc'bp,
276 761 391 833 tolera,
415 758 529 822 hoodie
550 781 572 821 a
593 760 730 842 odechay,
753 757 835 822 ledo}
853 756 1008 820 kladioem
1031 756 1144 841 akeny
1159 757 1301 840 praeaaji,
1324 757 1447 840 umbreae

168 884 208 957 ty,
226 874 286 957 pri
305 873 395 936 nic&
414 869 453 955 by
469 867 602 955 potieba
623 870 744 933 kodelcd
757 891 779 931 a
792 870 933 932 hotoveni
953 866 1069 930 abraae
1086 866 1210 952 adalp,
1233 865 1296 952 aby
1309 889 1329 931 o
1342 865 1448 932 &roa

707 983 802 1043 oreste
818 978 921 1043 ostoli.

270 1211 408 1277 Karalus
432 1210 484 1276 dei
507 1210 614 1289 gracia
635 1209 850 1274 Romanorum
872 1228 928 1275 rex
950 1227 1077 1292 semper
1099 1212 1254 1290 augustus
1277 1212 1312 1273 et
1332 1203 1448 1271 Boemie

167 1345 232 1390 rex.
265 1323 432 1388 Vniuersis
446 1325 611 1404 presentes
633 1319 744 1386 literas
766 1321 959 1404 inspecturis
981 1321 1122 1403 graciam
1136 1322 1260 1402 regiam
1274 1337 1349 1384 cum
1361 1317 1449 1400 pleni·

169 1437 279 1501 tudine
302 1435 404 1499 omnis
427 1434 513 1500 boni.
550 1434 600 1499 Ad
622 1434 854 1500 exaltacionem
875 1432 979 1500 felicis
1002 1438 1105 1499 status
1121 1432 1334 1499 additamenti
1350 1435 1449 1497 etam·

168 1547 336 1630 pliacionis
360 1546 499 1611 ciuitatis
515 1552 623 1612 nostre
638 1547 817 1627 Prageusis‚
841 1564 937 1629 quam
951 1544 1076 1611 Nouam
1091 1545 1255 1610 ciuitatem
1269 1543 1449 1626 Pragensen

169 1659 358 1724 titulandum
380 1663 531 1740 atquem
553 1656 787 1723 certisfinibus
810 1657 957 1723 duainms
981 1657 1187 1734 dilatandam,
1218 1661 1317 1738 prout
1344 1656 1378 1722 in
1404 1672 1448 1718 no

167 1771 243 1835 stris
266 1789 362 1851 super
384 1767 472 1852 h0c¹)
496 1770 591 1835 editis
613 1770 717 1835 literis
740 1771 894 1836 seriosius
917 1770 1106 1848 continetur,
1130 1770 1299 1853 ipsiusque
1314 1769 1448 1836 continua

169 1884 364 1947 incrementa
387 1900 497 1947 omnes
512 1886 545 1946 et
563 1882 706 1962 singulos
723 1880 909 1961 Cristianos‚
933 1883 989 1962 qui
1011 1882 1144 1947 indicta
1159 1881 1291 1946 ciuitate
1307 1880 1448 1963 elegerint
1485 1936 1487 1940 .

170 1995 351 2074 incolatum,
376 1996 414 2060 ab
438 1994 583 2060 omnibus
607 1999 639 2059 et
661 1994 797 2075 singulis
819 1994 916 2074 taliis,
948 1992 1100 2074 collectis,
1133 1993 1273 2074 angariis
1287 1989 1326 2075 ²),
1349 2008 1448 2075 peran-
1484 1998 1487 2039 ἑ

170 2108 268 2189 gariis
291 2127 328 2172 ac
350 2107 423 2172 aliis
446 2107 709 2189 imposicionibus
732 2112 765 2172 et
786 2107 1019 2185 exaccionibus
1043 2106 1298 2188 quibuscumque
1328 2110 1362 2171 et
1382 2120 1445 2187 quo
1484 2146 1487 2179 s

170 2239 303 2303 cumque
326 2221 453 2285 nomine
476 2225 724 2301 nunccupantur,
748 2218 912 2296 debonis,
936 2236 998 2298 que
1020 2219 1055 2283 in
1076 2218 1162 2283 dicta
1176 2216 1271 2283 Noua
1292 2218 1418 2283 ciuitate
1426 2208 1446 2291 'l
1484 2192 1487 2259 3

169 2333 317 2398 duxerint
338 2333 535 2415 apponenda,
558 2313 659 2413 usque
678 2331 719 2396 ad
733 2330 900 2395 duodecim
922 2348 1032 2409 annos,
1055 2329 1177 2395 Judeos
1195 2348 1272 2396 vero
1296 2337 1332 2395 et
1352 2331 1405 2412 qni
1417 2327 1447 2391 le

170 2446 410 2527 quibuscunque
434 2444 618 2526 regionibus
641 2448 674 2508 et
696 2443 782 2507 orbis
805 2442 949 2523 partibus
971 2442 1012 2506 ad
1039 2443 1123 2508 dicte
1137 2441 1228 2507 Noue
1253 2442 1393 2508 ciuitatis
1406 2456 1448 2503 ve
1485 2468 1487 2473 ·

166 2558 264 2637 nient,
289 2558 463 2622 incolatum
478 2557 596 2622 ibidem
612 2557 671 2638 (et)
688 2555 886 2620 domicilium
908 2554 1073 2637 eligentes,
1090 2555 1156 2619 illis
1172 2560 1280 2620 tamen
1296 2552 1446 2620 dumtaxat
1485 2558 1487 2649 f

169 2669 318 2748 exceptis,
343 2671 397 2750 qui
421 2670 454 2734 in
477 2669 617 2751 Antiqua
638 2669 769 2734 ciuitate
799 2668 951 2750 Pragensi
981 2673 1154 2748 morantur,
1185 2684 1266 2750 quos
1289 2669 1448 2749 Antiquam
1485 2736 1487 2740 .

170 2778 334 2860 negligere
356 2782 504 2847 nolumus
524 2786 654 2864 propter
667 2780 802 2863 Nouam,
825 2786 859 2846 et
880 2781 999 2846 ibidem
1012 2782 1123 2846 domos
1147 2787 1180 2846 et
1194 2780 1323 2847 edificia
1336 2780 1449 2863 lapidea

171 2889 366 2956 sufficienter
387 2900 420 2957 et
441 2896 563 2976 ydonee
585 2901 769 2960 construere
796 2894 984 2972 studuerint,
1004 2912 1105 2975 usque
1120 2895 1161 2959 ad
1176 2893 1347 2960 duodecim
1362 2903 1448 2960 annot

170 3003 271 3068 eciam
284 3001 311 3086 ⁴)
335 3005 374 3069 de
397 3007 529 3087 speciali
552 3011 659 3070 nostre
683 3006 903 3072 munificencia
927 3007 1034 3087 gracia
1056 3007 1233 3083 eximimus,
1262 3006 1448 3071 absoluimus

168 3116 295 3197 penitus
318 3124 351 3182 et
372 3119 556 3200 quittamus,
580 3125 614 3182 vt
634 3137 735 3200 nsque
758 3119 798 3183 ad
821 3118 905 3182 dicta
927 3122 1071 3198 tempora
1101 3117 1259 3198 completa
1281 3136 1379 3200 super
1399 3114 1449 3182 niis

169 3247 409 3311 aquocumque
432 3231 614 3296 nullatenus
637 3231 839 3311 impetantur.
885 3228 1006 3306 Quibus
1035 3229 1133 3294 linitis
1162 3231 1362 3310 temporibus
1391 3245 1450 3311 pre

170 3339 228 3405 fati
250 3341 353 3406 incole
376 3349 409 3407 et
430 3342 625 3407 habitatores
649 3361 686 3406 ac
700 3341 796 3406 Juuei
817 3347 964 3406 naturam
985 3339 1161 3406 incolarum
1184 3347 1217 3406 et
1247 3342 1451 3408 habitatorum

168 3473 205 3519 ac
228 3453 403 3519 ludeorum
425 3454 565 3520 ciuitatis
587 3454 727 3536 Antique
748 3454 862 3535 ‚quoad
884 3454 943 3520 hec
965 3453 1153 3519 sarciantur.
1197 3454 1280 3519 Item
1303 3455 1448 3522 volumus

169 3567 253 3649 quod
274 3566 473 3645 brasiatoria,
498 3567 664 3631 siccatorio
679 3562 714 3648 ⁵),
739 3567 928 3644 braxatoria
952 3565 1114 3631 currifices
1137 3571 1170 3631 et
1192 3566 1385 3634 maleatores
1407 3582 1450 3631 cu·

169 3678 300 3744 iuslibet
321 3679 435 3756 stanni,
460 3697 517 3743 nec
541 3697 604 3742 non
626 3677 718 3757 labri,
743 3678 958 3759 cuiuscunque
982 3678 1177 3743 condicionis
1200 3678 1350 3759 existant,
1378 3676 1451 3745 ordi·

169 3790 251 3854 natis
284 3797 391 3855 tamen
424 3790 464 3854 ad
498 3809 577 3872 opus
613 3795 645 3854 et
674 3807 750 3854 usus
766 3790 790 3872 6)
821 3808 975 3872 equorum
1005 3794 1038 3854 et
1067 3794 1244 3855 annaturas
1270 3789 1451 3857 iacientibus

169 3901 321 3965 duntaxat
342 3902 492 3983 exceptis,
516 3904 556 3967 ad
578 3903 696 3968 dictam
714 3902 838 3966 Nouam
861 3902 1024 3967 ciuitatem
1046 3902 1128 3965 inira
1143 3921 1261 3967 anuum
1276 3904 1338 3969 sub
1354 3909 1453 3970 nostro

169 4010 390 4091 indignacione
414 4014 613 4079 celsitudinis
635 4014 877 4080 transferantur.
922 4014 959 4078 In
990 4033 1124 4096 quorum
1147 4015 1368 4081 testimonium
1391 4033 1454 4098 pre·

168 4126 274 4185 sentes
296 4125 392 4188 scribi
415 4131 448 4191 et
470 4126 568 4207 sigilli
592 4128 767 4191 maiestatis
791 4133 899 4192 nostre
922 4127 1095 4191 munimine
1119 4127 1271 4193 iussimus
1303 4127 1456 4195 roborari.

167 4229 283 4297 Datum
305 4235 405 4316 Prage
428 4257 510 4303 anuo
542 4238 661 4303 domini
685 4238 856 4304 millesimo
880 4237 1119 4318 OCCXLVIII⁰‚
1144 4239 1324 4307 indiccione
1348 4243 1459 4333 prima,

170 4349 281 4409 octauo
307 4345 378 4409 idus
402 4347 523 4430 Marcii,
549 4370 720 4432 regnorum
742 4356 925 4416 nostrorum
948 4370 1031 4416 anuo
1054 4352 1205 4418 secundo.
