3090 5370
31 593 123 648 tecue
142 594 285 662 postupuji
303 601 354 648 etc.
371 594 415 648 Na
433 599 573 664 potrrzeni
590 599 670 665 pebet
683 596 750 663 jebo
762 597 863 651 rlostnl
881 613 898 651 a
915 612 951 651 na
968 597 1075 653 redoml
1087 599 1176 668 peleti
1193 601 1349 673 mozonyub

32 690 146 759 panor,
164 705 238 758 pana
255 688 398 744 Jinulicha
413 708 429 744 z
442 690 546 759 Straba,
563 707 636 760 pana
648 689 762 746 Zdabka
779 710 794 745 z
812 692 942 761 Postnpic
962 709 978 746 o
996 709 1068 761 pana
1086 695 1213 764 Burytna
1229 696 1349 769 zLippy

32 801 54 839 a
73 785 153 839 Jana
169 784 292 840 Malorce
309 785 449 842 zPacova.
467 787 530 841 Dan
548 787 623 842 letha
640 789 740 842 bollho
758 789 866 842 tislelho
884 790 1022 857 otylsteho
1041 788 1208 858 pedesttebo
1228 791 1349 863 lastabo,

31 887 70 934 tn
99 881 201 935 sobotu
225 896 261 949 po
286 884 361 934 crate
384 881 486 936 Lucii.“
524 882 628 948 (Kniha
652 884 785 953 privilegii
803 884 1040 953 Staromestslry'ch
1066 888 1088 939 c.
1112 890 1145 938 48
1172 892 1219 940 str.
1243 891 1347 942 37-39

31 993 53 1029 v
73 975 192 1030 archim
210 993 244 1030 m.
261 976 372 1045 Praby.)

619 1117 682 1202 Cis.
708 1135 782 1201 150.

407 1290 513 1366 1454.
550 1291 583 1358 5.
606 1291 812 1377 listoporlu.
847 1290 984 1358 Proba.

33 1443 127 1508 Krul
148 1442 303 1509 Ladialuv
333 1444 420 1509 dcco
443 1447 529 1510 aliod
550 1447 738 1531 cpchtdlstui
758 1444 884 1510 Nooebo
906 1450 1002 1510 mesia
1026 1445 1199 1513 Praiakobo
1222 1448 1345 1513 lccmor-
1367 1456 1383 1477 ⁸
1426 1486 1429 1497 ·

29 1557 121 1621 aileu
142 1559 246 1620 ευέπιιι
267 1555 388 1621 Jauovi
407 1580 424 1620 z
446 1557 585 1634 Roaova,
618 1560 659 1622 orl
679 1559 778 1622 ueloci
795 1568 943 1641 nopotem
966 1559 1034 1623 obeo
1056 1558 1281 1631 Novomeatalcd
1295 1564 1347 1647 jej

596 1671 783 1755 ‚aukoupilm

144 1843 315 1909 Lodislaus
339 1845 391 1911 dei
414 1845 523 1928 gracia
544 1844 720 1929 Hungarie,
743 1844 907 1926 Bobemie,
930 1845 1105 1926 Dalmacie‚
1126 1845 1258 1912 Croucie
1281 1854 1342 1919 etc.

33 1975 107 2037 rex,
128 1956 259 2023 Austrie
282 1959 346 2023 dux
368 1963 401 2025 et
422 1957 568 2023 Moraur'e
591 1958 743 2025 marchio.
765 1958 884 2025 Notum
906 1959 1041 2025 facimus
1063 1959 1233 2038 ruinersis,
1258 1960 1344 2042 quod

34 2069 186 2137 volentes
208 2069 387 2137 liberaliter
408 2073 442 2136 et
461 2069 613 2136 munifice
635 2088 732 2153 agero
759 2089 831 2136 curn
860 2069 961 2137 nobili
983 2070 1130 2136 Jobanne
1163 2071 1203 2137 de
1223 2071 1343 2138 Ronow

34 2183 218 2249 muratorio
241 2189 362 2262 nostro,
392 2182 481 2249 fideli
504 2182 632 2263 dilecto,
665 2183 756 2249 cuius
779 2184 918 2249 seruicia
948 2189 1057 2249 nostre
1080 2185 1241 2250 maiestati
1271 2184 1343 2267 plu·

34 2296 156 2360 rimum
179 2299 270 2378 grata
292 2296 442 2375 existunt,
466 2315 531 2362 non
553 2314 611 2378 per
632 2314 774 2362 errorem
798 2301 853 2360 aut
875 2296 1064 2378 improuide,
1086 2296 1145 2362 sed
1166 2295 1343 2363 deliberate

32 2415 70 2474 et
85 2427 159 2474 oum
182 2427 260 2474 sano
283 2408 418 2476 consilio
441 2414 624 2475 nostrorum
647 2427 816 2491 procerum
831 2414 865 2474 et
881 2407 1035 2488 fidelium,
1060 2408 1099 2473 dc
1122 2415 1210 2474 certa
1232 2414 1343 2475 nostra

33 2522 188 2600 sciencia,
212 2522 401 2587 auctoritate
423 2523 514 2603 regia
535 2521 689 2587 Bobemie
712 2521 774 2586 sibi
797 2523 929 2603 suisque
955 2520 1127 2587 heredibus
1145 2522 1184 2587 de
1208 2521 1341 2604 speciali

36 2635 148 2717 macla
165 2636 287 2713 dumus,
312 2635 466 2699 donamus
487 2653 523 2699 ac
543 2635 748 2701 concedimus
768 2634 943 2699 indicatum
956 2633 1054 2700 Noue'
1068 2634 1209 2700 ciuitatis
1231 2640 1341 2703 nostre

36 2747 210 2830 Pragensis
235 2766 306 2812 cum
328 2747 488 2812 vniuersis
504 2752 537 2812 et
552 2747 688 2830 singulis
710 2747 917 2829 pertinenciis
941 2746 1018 2827 suis,
1042 2746 1075 2811 in
1099 2747 1341 2831 quibuscunque

37 2862 133 2928 rebus
158 2861 335 2925 consistant
357 2866 390 2925 et
412 2878 603 2942 quocunque
629 2860 757 2926 nomine
779 2865 1011 2941 nuncupentur,
1035 2859 1246 2943 volumusque
1269 2879 1341 2944 pre·

36 2973 137 3040 fatum
167 2972 347 3038 Jobannem
370 2977 403 3037 et
425 2972 585 3053 predictos
615 2971 750 3038 heredes
781 2989 856 3036 suos
880 2972 1027 3036 omnibus
1051 2973 1338 3053 commoditatibus,

38 3085 260 3163 emolimentis
284 3084 458 3149 honoribus
474 3089 508 3149 et
523 3084 673 3149 oneribus
689 3082 767 3149 dicti
778 3084 941 3168 judicatus
957 3083 1058 3150 libere
1074 3103 1111 3149 ac
1125 3084 1220 3165 plene
1234 3085 1281 3149 vti
1294 3085 1340 3168 [et

40 3197 108 3280 frui,
132 3199 219 3263 sicut
233 3198 284 3262 nsi
300 3195 345 3280 et]
361 3196 457 3261 fructi
473 3196 619 3275 rombli,
645 3194 761 3278 quibus
777 3196 976 3261 serenissimi
992 3202 1212 3261 antecessores
1224 3196 1338 3275 nostri,

43 3307 191 3376 Bobemie
207 3326 299 3390 reges
319 3309 497 3391 judicatum
519 3307 699 3389 predictum
721 3307 967 3389 precedentibus
989 3308 1188 3388 temporibus
1209 3324 1339 3373 conces-

10 3398 14 3489 ι
46 3428 158 3489 rerunt
180 3420 368 3487 audicimus
391 3422 494 3485 eciam
516 3425 549 3485 et
570 3419 742 3485 tribuimus
765 3420 849 3485 dicto
871 3418 1011 3485 Johanni
1028 3424 1060 3485 et
1074 3420 1143 3483 suis
1165 3419 1337 3484 heredibus

47 3530 204 3600 licenciam
227 3537 260 3597 et
281 3531 465 3597 facultatem
485 3533 663 3616 judicatum
684 3533 864 3615 predictum
885 3532 1045 3598 vendendi
1066 3536 1100 3596 et
1121 3531 1283 3597 alienandi
1305 3536 1339 3596 et

49 3643 272 3728 imperpetuum
294 3644 408 3724 eidem,
432 3650 475 3724 vt
507 3644 563 3726 qui
585 3645 643 3708 bas
666 3644 790 3711 litteras
812 3650 949 3724 nostras,
978 3644 1079 3727 ipsius
1102 3643 1260 3709 Johannis
1282 3648 1338 3708 aut

50 3771 167 3824 snorum
188 3756 344 3821 heredum
374 3757 457 3822 bona
478 3756 643 3822 voluntate
665 3757 822 3839 babuerit,
851 3759 905 3841 jus
927 3758 990 3823 sibi
1014 3761 1173 3840 competat
1195 3755 1336 3821 omnium

49 3870 274 3947 premissorum.
318 3868 524 3934 Pnesencium
554 3869 613 3935 sub
636 3871 831 3952 appensione
857 3870 959 3936 nostri
982 3869 1082 3951 sigilli
1104 3867 1223 3950 regalis
1244 3866 1336 3932 testi-

49 3984 141 4048 nonio
163 3983 355 4048 litterarum.
399 3982 518 4046 Datum
540 3981 642 4062 Prage
675 3983 786 4064 quinta
808 3981 861 4047 die
887 3982 1008 4047 mensis
1029 3979 1222 4047 Nouembris
1252 3997 1335 4045 anno

10 4170 13 4183 ‚
48 4090 155 4161 domini
184 4093 357 4160 millesimo
387 4094 701 4175 quadringentesimo
732 4094 996 4178 quinquagesimo
1018 4097 1141 4176 quarto,
1164 4109 1336 4173 regnorum

47 4212 217 4273 rostrorum
239 4224 322 4272 anno
345 4205 510 4288 Hungarie
532 4210 592 4271 etc.
616 4204 700 4286 ΧΨ,
723 4206 878 4273 Bobemie
900 4224 977 4271 vero
1000 4204 1151 4270 secundo.

134 4360 229 4416 Kniha
253 4359 387 4429 privilegii
405 4376 421 4413 u
439 4363 506 4430 pror
523 4358 636 4414 lloreho
660 4378 695 4414 m.
712 4359 871 4414 Proiskelro
897 4378 911 4413 z
930 4358 988 4414 XV.
1008 4358 1101 4412 stoletl
1119 4359 1141 4412 o.
1163 4364 1211 4412 331
1233 4366 1280 4413 str.
1300 4365 1333 4412 45

41 4457 178 4511 vurcbiru
196 4472 231 4510 m.
248 4454 346 4523 Praby.
364 4455 405 4509 Za
422 4459 470 4508 tim
488 4454 656 4524 poznomlru:
676 4456 750 4521 „Ista
768 4454 859 4508 littera
877 4454 916 4507 sic
934 4453 1038 4522 scripta
1056 4460 1099 4508 est
1116 4453 1229 4508 exoluta
1246 4460 1275 4508 et
1290 4454 1335 4523 ju·

37 4549 140 4606 dimona
158 4548 278 4606 officium
290 4556 447 4619 exemptum
464 4556 508 4604 ost
525 4556 554 4604 et
570 4548 675 4603 ciuitati
687 4547 766 4602 Noue
778 4548 986 4618 appropriatum
1004 4562 1065 4601 cum
1083 4562 1220 4602 consensu
1232 4544 1334 4616 regio!

1146 4666 1177 4714 le
