3090 5370
117 336 158 395 48
731 336 804 385 1337.

115 543 235 606 tatibus
260 547 314 605 aut
337 542 439 604 literis
463 559 519 622 per
542 559 600 606 nos
624 542 745 606 eisdem
762 541 844 606 datis
868 547 924 607 aut
945 540 1093 620 obtentis,
1117 543 1230 607 dandis
1254 543 1308 607 uel
1332 544 1418 609 obti-

117 656 229 718 nendis
245 672 302 735 per
317 673 372 717 eus
389 654 661 737 qualitercunque,
681 673 739 736 per
754 654 1015 720 consuetudinem
1031 655 1083 719 uel
1099 656 1201 720 eciam
1216 676 1255 721 ex
1271 658 1416 740 antiquo,

117 786 196 850 quas
227 767 355 849 quidem
386 767 497 834 literas
519 770 553 831 et
574 765 738 833 libertates
768 768 971 850 presentibus
986 768 1115 848 penitus
1137 775 1170 832 et
1192 769 1321 834 inantea
1343 770 1417 835 irri-

117 885 231 960 tamus,
263 897 426 944 cassamus
449 883 483 943 et
503 879 605 944 eciam
629 880 841 959 annullamus,
873 899 931 944 nec
961 880 1048 961 ipsas
1071 880 1111 944 de
1134 886 1240 946 cetero
1262 900 1335 946 esse
1360 889 1418 946 aut

118 992 255 1074 intelligi
278 992 427 1056 uolumus
450 990 586 1057 alicuius
608 992 733 1057 roboris
756 992 808 1055 uel
832 994 994 1057 momenti.
1019 992 1163 1057 Secundo
1186 993 1336 1058 uolumus
1361 995 1417 1059 de-

118 1111 294 1184 cernentes,
329 1105 414 1188 quod
448 1122 558 1169 omnes
591 1104 747 1184 hominen,
783 1105 999 1187 cuiuscunque
1034 1106 1230 1171 condicionis
1264 1107 1415 1184 existant,

118 1219 228 1283 domos
252 1218 337 1282 intra
359 1236 467 1281 muros
484 1218 623 1282 ciuitatis
647 1217 748 1298 ipsius
768 1216 992 1296 inhabitantes,
1017 1218 1087 1282 siue
1109 1218 1175 1282 sint
1196 1218 1415 1299 spiritualium

117 1349 324 1412 personarum
348 1335 402 1393 aut
425 1329 626 1407 secularium,
649 1329 829 1410 principum
845 1334 901 1394 aut
919 1330 1083 1407 baronum,
1107 1330 1264 1409 similiter,
1288 1337 1323 1396 vt
1345 1351 1417 1412 pre-

118 1444 265 1521 diximuS,
290 1461 387 1506 onera
403 1443 504 1523 ipsius
528 1442 668 1506 ciuitatis
685 1448 882 1524 comportare
906 1442 1043 1508 debeant
1064 1448 1097 1507 et
1119 1443 1219 1506 eciam
1235 1448 1417 1507 teneantur.

117 1556 227 1618 Tercio
252 1556 414 1636 signanter
433 1554 639 1637 exprimimus
655 1555 810 1634 uolentes,
835 1556 920 1637 quod
935 1574 1044 1620 omnes
1068 1560 1101 1619 et
1123 1555 1241 1636 singuli
1257 1554 1416 1630 homines,

119 1669 335 1750 cuiuscunque
367 1672 469 1732 status
499 1673 555 1731 aut
588 1667 784 1731 condicionis
807 1667 954 1746 existant,
985 1674 1040 1732 aut
1067 1685 1328 1749 quorumcunque
1353 1668 1419 1732 sint

117 1780 273 1858 nominee,
297 1780 408 1844 domos
431 1785 465 1850 et
486 1779 739 1845 inhabitaciones
762 1786 852 1845 extra
871 1779 1065 1862 sepedictam
1082 1779 1244 1844 ciuitatem
1260 1779 1417 1844 habentes

118 1898 150 1957 et
172 1892 275 1957 forum
290 1894 324 1958 in
340 1894 469 1983 ciuitate
493 1911 564 1958 cum
580 1895 722 1974 ipsorum
737 1893 833 1958 rebus
849 1898 882 1957 et
903 1892 1062 1957 mercibus
1085 1891 1334 1974 frequentantes,
1360 1912 1417 1974 pro

119 2006 260 2087 ipsorum
283 2007 409 2071 meliori
432 2011 464 2070 et
486 2005 596 2071 vsibus
619 2006 717 2070 simili
740 2007 844 2084 modo,
868 2010 901 2070 vt
921 2005 1128 2086 prediximus,
1151 2005 1192 2069 ad
1216 2013 1418 2086 comportan-

119 2119 193 2183 dum
215 2119 358 2200 predicte
377 2119 517 2184 ciuitatis
533 2138 632 2184 onera
647 2118 774 2184 obnoxii
790 2136 862 2183 esse
877 2118 1014 2183 debeant
1036 2123 1068 2181 et
1089 2117 1240 2183 asstricti.
1263 2117 1419 2182 Pretarca

118 2232 287 2296 statuimus
310 2239 343 2297 et
364 2232 459 2297 dictis
483 2232 607 2296 ciuibus
631 2250 688 2312 pro
708 2233 780 2314 jure
796 2231 917 2308 damus,
941 2230 1025 2312 quod
1042 2248 1153 2294 omnes
1168 2229 1325 2308 homines,
1349 2237 1417 2294 tam

119 2345 333 2425 spiritualium
367 2364 461 2428 quam
495 2345 705 2423 secularium,
741 2343 957 2425 cuiuscunque
992 2348 1093 2407 status
1128 2347 1184 2406 aut
1217 2343 1419 2408 condicionis

118 2457 266 2538 existant,
282 2457 456 2523 homicidia
467 2464 522 2522 aut
537 2456 689 2522 forefacta
703 2456 769 2520 alia
780 2473 968 2539 quecunque
981 2455 1225 2534 committentes,
1241 2455 1306 2536 ipsi
1318 2456 1419 2537 judex

119 2575 152 2634 et
175 2571 263 2635 ciues
286 2570 426 2635 ciuitatis
449 2569 591 2650 predicte
614 2588 672 2651 pro
688 2568 814 2633 delictis
837 2574 870 2632 et
884 2568 1069 2633 excessibus
1085 2567 1270 2632 huiusmodi
1285 2569 1418 2632 eosdem

119 2653 263 2747 homines
285 2682 505 2763 plenissimam
521 2681 698 2748 arrestandi
713 2685 746 2744 et
757 2680 922 2764 Judicandi
937 2680 1075 2745 habeant
1088 2679 1281 2758 facultatem,
1306 2679 1420 2744 uolen-

118 2802 177 2872 tes,
209 2802 243 2859 vt
264 2794 361 2858 iidem
392 2794 537 2859 homines
567 2795 614 2859 sic
644 2794 792 2859 arrestati
814 2799 847 2858 et
869 2792 1021 2874 captiuati
1044 2792 1077 2856 in
1099 2792 1242 2874 predicte
1274 2793 1420 2856 ciuitatis

115 2907 246 2990 judicio,
271 2913 303 2972 et
325 2926 388 2972 non
411 2906 498 2986 alibi,
530 2925 626 2990 super
648 2907 753 2971 causis
776 2907 816 2971 de
840 2923 874 2970 se
898 2905 1164 2987 conquerentibus
1191 2904 1329 2969 debeant
1352 2923 1421 2969 res-

119 3021 270 3102 pondere.
314 3021 364 3086 Ad
394 3021 576 3085 euidentem
605 3019 704 3102 igitur
727 3019 868 3083 omnium
890 3019 1119 3099 promissarum
1141 3022 1322 3081 nostrarum
1347 3036 1422 3099 gra·

120 3132 242 3197 ciarum
259 3134 480 3198 certitudinem
496 3138 529 3197 et
544 3133 701 3197 cantelam
717 3137 871 3214 perpetuo
888 3131 1059 3195 nalituram
1075 3131 1154 3211 ipsis
1166 3129 1278 3213 judici,
1298 3130 1420 3212 juratis

119 3263 156 3309 ac
180 3245 489 3328 ciuibussepedicte
511 3245 646 3310 Minoris
670 3245 810 3309 ciuitatis
833 3245 1003 3325 Pragensis
1026 3243 1220 3307 indulsimus
1237 3246 1271 3306 et
1285 3261 1421 3323 presen-

118 3359 205 3424 tibus
222 3357 435 3439 indulgemus,
457 3359 615 3438 uolentes,
639 3364 673 3422 vt
695 3363 804 3423 nostro
820 3357 948 3421 nomine
964 3362 996 3421 et
1010 3355 1211 3437 presencium
1227 3355 1421 3419 auctoritate

119 3490 230 3538 omnes
260 3458 398 3536 rebelles
422 3472 573 3553 predictis
604 3471 721 3536 nostris
752 3470 878 3552 graciia,
911 3487 991 3553 quas
1013 3487 1070 3550 pro
1097 3468 1169 3551 jure
1200 3467 1263 3548 ipsi
1293 3466 1419 3531 ciuitati

119 3589 153 3649 et
171 3586 413 3650 melioramento
436 3583 648 3663 attribuimus,
684 3583 724 3647 ad
746 3583 983 3665 exsequendum
1006 3599 1045 3645 ea
1067 3580 1183 3658 omnia,
1214 3598 1276 3661 que
1300 3580 1420 3643 articu-

119 3698 230 3762 lariter
252 3698 399 3779 superius
422 3696 648 3778 expressimus,
672 3701 801 3760 arceant
823 3695 926 3760 modis
949 3699 981 3758 et
995 3693 1067 3772 viis,
1091 3692 1207 3776 quibus
1230 3691 1278 3755 eis
1300 3691 1421 3755 melius

120 3815 153 3875 et
173 3811 284 3875 utilius
300 3810 449 3892 expedire
464 3810 635 3887 uidebitur,
659 3808 805 3874 striccius
822 3813 854 3872 et
869 3806 1070 3888 compellant.
1092 3805 1242 3870 Pmterea
1256 3803 1420 3881 uolumus,

120 3928 154 3986 vt
176 3941 286 3987 omnes
309 3923 464 4002 homines,
488 3927 553 3985 tam
576 3921 733 3985 nobilium
747 3938 841 4003 qnam
858 3919 1072 4001 spiritualium
1095 3922 1129 3982 et
1150 3916 1344 3981 secularium
1360 3934 1418 3997 pro

121 4034 247 4111 debitis,
272 4037 374 4117 culpis
390 4041 445 4100 aut
460 4034 621 4100 forefactis
645 4033 897 4116 quibuscumque
914 4031 987 4096 aliis
1011 4032 1043 4093 in
1066 4031 1152 4095 dicta
1167 4029 1298 4092 ciuitate
1314 4047 1420 4092 arres-

121 4145 180 4209 tati
203 4147 339 4213 debeant
362 4167 468 4212 coram
489 4148 609 4230 judicio
633 4146 775 4227 predicte
799 4145 939 4209 ciuitatis
956 4146 994 4208 de
1009 4162 1044 4208 se
1061 4141 1328 4224 conquerentibus
1352 4159 1420 4205 res-

120 4258 271 4338 pondere.
308 4259 526 4324 Promittimns
550 4260 678 4342 quidem
701 4258 844 4340 predicta
867 4256 972 4321 omniu
995 4275 1052 4338 pro
1076 4254 1168 4319 nobis
1191 4259 1224 4317 et
1245 4253 1419 4318 heredibus

122 4369 240 4434 nostris
262 4370 393 4435 Boernie
416 4374 546 4454 regibus
570 4373 649 4453 ipsis
673 4372 797 4436 ciuibus
820 4389 883 4434 non
901 4368 1073 4450 infringere
1092 4385 1151 4432 nec
1174 4367 1221 4431 eis
1244 4366 1419 4448 quomodo-

123 4482 202 4548 libet
224 4484 390 4577 coutraire,
419 4484 476 4548 sad
498 4485 609 4565 pocius
632 4485 761 4548 inantea
782 4482 980 4564 temporibus
1004 4481 1091 4563 ipsos
1114 4481 1146 4543 in
1170 4477 1322 4561 predictis
1346 4496 1419 4558 pru-
