3090 5370
119 362 178 422 iso
739 358 813 431 uoo.

117 565 176 629 l'l⁰
202 565 395 638 llocouiluis,
420 582 589 643 regnorum
614 569 795 627 nostrorum
818 578 900 625 anuo
923 559 1055 625 Boemie
1080 557 1278 640 xxxvm0,
1300 559 1413 625 Romn-

117 699 228 741 uouuu
252 698 326 740 voro
351 675 464 739 xxv0.

221 860 270 911 llle
283 857 416 925 rukopisu
430 855 552 910 Praiskd
563 872 586 910 c.
599 855 736 922 knihovny
750 854 910 908 universitnl
923 854 1085 923 „Copiarnm
1105 852 1170 922 dipl.
1182 851 1409 907 Przemislaenm“

116 956 182 1019 sinu.
197 954 234 1006 l'I
247 956 278 1006 A.
299 958 312 1004 7
332 953 379 1005 list
397 957 438 1005 33.
456 951 626 1021 Vrnlropise
645 951 723 1018 stoji:
744 953 764 1010 ι)
785 949 901 1016 „Datum
913 949 1000 1017 Ptage
1013 965 1083 1003 anuo
1102 948 1145 1002 die
1166 955 1194 1001 et
1211 949 1349 1004 relacione
1365 963 1412 1016 per

115 1051 214 1114 oniuia,
233 1056 264 1102 ut
282 1049 309 1100 in
331 1045 512 1116 precedenti.“

686 1296 751 1381 dis.
776 1315 848 1381 us.

490 1513 593 1582 1400.
627 1515 660 1583 o.
683 1516 873 1626 prosince.
906 1513 1041 1581 Pruna.

117 1713 199 1776 Krdt
229 1712 342 1776 Vdcloo
365 1712 421 1775 IV.
446 1713 531 1776 deind
556 1713 764 1797 peirlcmistrn,
796 1712 954 1776 kons'eldm
978 1713 992 1773 i
1012 1716 1060 1774 ee'i
1082 1710 1150 1776 odoi
1170 1709 1298 1775 Novello
1320 1717 1412 1775 maoz

117 1825 291 1889 Hoz'skodo
310 1830 421 1908 prdno,
445 1826 507 1910 oby
521 1826 617 1890 otoldi
639 1848 672 1889 ne
695 1825 829 1888 binomia
853 1826 898 1888 cto
920 1824 1060 1909 cybirati
1079 1822 1267 1908 zdobytlcdo
1286 1827 1299 1887 i
1304 1825 1410 1909 jiuy'cli

67 1957 72 1965 ·
533 1941 595 2001 odei
616 1938 656 2001 do
679 1942 774 2001 mata
793 1939 1001 2021 plincieoy'cl.

220 2137 428 2203 wenceslaus
457 2145 517 2205 ets.
562 2137 680 2204 Notum
710 2138 844 2202 iacimus
874 2145 945 2217 eta,
976 2139 1059 2202 sicut
1088 2137 1219 2219 superui
1250 2138 1413 2220 dispensa·

118 2253 208 2315 uioue
232 2251 357 2316 consilii
381 2253 484 2317 eterni
499 2252 654 2334 principis
676 2252 773 2333 digna
795 2250 1002 2333 prouidentia
1024 2250 1113 2332 regia
1136 2250 1277 2333 dignitas
1301 2251 1413 2317 ceteris

116 2365 253 2428 saltibus
269 2363 453 2444 autefertur,
477 2365 524 2429 sic
539 2365 640 2429 eciam
663 2364 836 2446 singularis
860 2363 1070 2429 inclinacioue
1092 2361 1214 2427 fauoris
1229 2370 1263 2427 et
1278 2365 1411 2447 quodam

116 2477 254 2542 ulteriori
276 2478 481 2559 prerogatiua
510 2479 617 2558 gracie
640 2477 680 2541 ad
704 2476 902 2541 subditorum
932 2482 1041 2559 optata
1071 2477 1203 2541 comoda
1232 2477 1304 2540 zelo
1326 2477 1413 2541 beni·

117 2590 248 2666 multatis
264 2590 372 2654 inuate
387 2589 479 2672 quasi
495 2608 534 2653 ex
550 2591 688 2672 quodam
702 2589 810 2655 debito
825 2595 953 2655 tenetur
972 2590 1146 2668 intendere,
1170 2594 1206 2652 ut
1224 2608 1290 2654 uon
1305 2590 1413 2654 imme

117 2702 177 2764 rito
201 2702 306 2783 prosit
328 2701 475 2766 omuibus
499 2702 548 2780 iis,
572 2702 628 2785 qui
646 2707 804 2784 potestate
827 2703 947 2767 domini
963 2707 996 2765 et
1011 2702 1157 2767 discense
1175 2702 1414 2783 jnrisdiccionis

117 2814 230 2878 robore
260 2814 396 2896 imperat
416 2814 576 2880 uniuersis
606 2821 640 2881 et
668 2815 744 2881 licet
764 2815 957 2880 uniuersalis
987 2814 1096 2880 mundi
1127 2814 1273 2879 condicio
1296 2821 1331 2879 et
1352 2814 1415 2879 sin·

116 2925 263 3005 gulosum
287 2925 408 2991 utilitas
437 2933 547 2992 nostre
577 2928 799 2993 meditationis
829 2929 976 3001 existant
1008 2928 1049 2992 ad
1071 2926 1145 2991 illos
1171 2934 1280 2992 tamen
1304 2927 1415 3009 ampli·

116 3058 204 3104 orem
227 3039 336 3119 gracie
358 3044 392 3103 et
412 3040 543 3121 pietatis
573 3046 694 3105 motum
724 3041 898 3124 oculosque
924 3041 1061 3122 benigue
1083 3042 1313 3119 condedimus,
1336 3058 1416 3124 quos

116 3150 280 3217 fidelitatis
303 3160 395 3234 grata
417 3153 573 3237 obsequia
594 3160 628 3220 et
648 3155 795 3219 studiosa
817 3173 854 3219 ac
877 3153 1036 3218 indefesse
1058 3154 1173 3218 merita
1195 3156 1314 3219 ceteris
1340 3154 1413 3220 inci·

117 3269 175 3329 unt
197 3265 329 3331 anteire.
353 3265 437 3331 Sane
459 3267 583 3332 diutine
604 3266 769 3332 fidelitatis
786 3268 925 3348 iusignia
940 3272 973 3331 ct
986 3266 1108 3332 munite
1131 3265 1204 3331 fidei
1221 3268 1414 3339 constancia,

116 3377 233 3460 quibus
255 3379 409 3459 magister
431 3379 560 3459 ciuium,
584 3380 732 3445 consules
755 3387 788 3444 et
806 3380 905 3463 jurati
928 3385 1058 3462 totaque
1075 3381 1286 3445 communitas
1308 3388 1417 3445 nostre

116 3488 209 3554 Noue
232 3490 374 3555 ciuitatis
395 3489 577 3572 Prageusis,
600 3491 712 3557 fideles
735 3492 836 3557 nostri
859 3492 978 3570 dilecti,
1009 3491 1101 3556 uobis
1124 3491 1300 3573 approbata
1322 3491 1418 3556 sedu-

117 3602 208 3668 litate
231 3601 351 3668 dudum
373 3602 511 3669 fideliter
524 3603 715 3685 placuerunt
728 3605 810 3669 etin
824 3602 966 3669 futurum
978 3605 1089 3686 vtique
1111 3610 1200 3669 tauto
1224 3603 1417 3686 diligencius

116 3715 243 3796 plaeere
266 3716 468 3793 tenebuntur,
494 3723 614 3799 quanto
636 3735 672 3781 se
694 3715 903 3798 amplioribus
932 3715 1096 3780 beneficiis
1127 3717 1311 3781 sensuerint
1343 3734 1416 3798 pro

117 3834 255 3906 seauton,
289 3827 374 3893 elane
405 3835 514 3894 nostre
536 3831 653 3894 mentis
685 3829 795 3894 oeulos
826 3829 997 3908 intuentes
1027 3847 1091 3892 non
1114 3848 1172 3910 per
1196 3848 1339 3893 errorem
1363 3834 1419 3893 aut

117 3938 295 4020 inuuouide,
312 3942 369 4006 sed
384 3941 490 4006 auimo
503 3941 679 4007 deliberato
695 3949 728 4006 et
742 3942 781 4006 de
798 3949 885 4006 certa
898 3949 1008 4006 nostra
1020 3941 1169 4018 sciencia,
1182 3960 1260 4005 sano
1273 3939 1416 4006 fidelium

117 4057 297 4116 nostrorum
313 4053 485 4118 accedente
500 4053 645 4133 consilio,
662 4053 859 4119 serenissimi
875 4054 977 4118 eciem
992 4059 1025 4117 et
1044 4053 1245 4117 invictissimi
1261 4054 1416 4135 principis

116 4166 149 4225 et
164 4161 294 4244 domiui,
318 4165 439 4232 domiui
454 4165 566 4230 Karoli
590 4167 664 4230 diue
689 4166 842 4230 memorie
865 4167 1025 4247 quondam
1040 4166 1255 4229 Romanorum
1279 4168 1416 4248 impers-

116 4274 196 4338 toris
211 4279 245 4340 et
266 4276 353 4357 regis
368 4277 569 4355 Boemomm,
593 4276 730 4341 illustris
757 4277 877 4342 domiui
900 4283 933 4342 et
955 4277 1109 4357 genitoris
1132 4277 1235 4342 nostri
1257 4271 1417 4344 carissimi

116 4387 265 4471 dictequa
286 4387 379 4454 Nono
409 4390 551 4455 ciuitatis
579 4388 757 4454 fundatoris
782 4387 973 4467 felicissimi,
1003 4389 1149 4470 vestigiis
1172 4391 1357 4457 inherentes
1380 4413 1417 4458 ac

116 4501 219 4583 ipsam
248 4499 414 4581 ampliare,
444 4501 616 4565 extendere
639 4505 673 4564 et
694 4519 881 4565 consumare
904 4500 1058 4575 volentes,
1085 4509 1117 4565 et
1143 4510 1178 4566 ut
1201 4503 1271 4584 ipsa
1302 4508 1420 4571 ciuitas
