3068 5160
688 367 762 417 1401.
1308 368 1368 431 187

89 575 195 669 nctus
217 575 341 639 munita
363 573 403 637 de
426 575 479 640 die
502 575 534 638 in
558 574 642 638 diem
666 573 698 636 in
722 591 883 637 murorum
914 573 1084 638 structuris
1116 573 1300 638 continuum
1322 594 1372 640 re-

89 688 171 767 ipiet
194 687 434 764 incrementum,
462 687 541 767 ipsis
571 685 696 750 ciuibus
726 690 760 750 et
789 686 902 750 incolis
932 687 1015 751 dicte
1038 683 1129 749 Neue
1159 694 1268 754 nostre
1295 689 1374 753 ciui·

89 801 147 863 otis
164 800 335 879 Pragensis
359 799 561 879 indulsimus,
584 798 722 863 lauimus
745 804 779 863 et
800 804 910 864 tenore
930 801 1131 881 presencium
1153 803 1243 883 regia
1265 807 1374 866 aucto·

88 914 167 976 itate
191 911 322 976 Boemie
354 913 530 991 graciosius
563 913 766 994 indulgemus
788 919 821 977 et
843 912 997 992 fouemus
1026 913 1110 995 quod
1133 913 1195 994 ipsi
1219 933 1373 997 superse

89 1043 160 1106 pses
185 1031 218 1088 et
241 1024 401 1105 quoslibet
431 1025 511 1088 alios
535 1026 675 1089 aduenas
699 1025 739 1089 ad
761 1023 915 1104 forenses,
939 1044 1062 1091 necnon
1086 1045 1182 1108 super
1204 1044 1320 1107 pecora
1342 1033 1375 1091 et

89 1139 213 1202 ecudes
237 1142 270 1201 et
292 1155 481 1218 quocunque
504 1137 568 1201 alia
590 1137 797 1201 mercimonia
819 1139 983 1203 moderata
1001 1137 1151 1203 thelonea
1174 1143 1207 1202 et
1221 1138 1372 1204 daciones

89 1268 228 1332 nponere
252 1256 284 1314 et
307 1255 416 1313 nostro
447 1251 574 1314 nomine
605 1251 733 1331 exigere
764 1251 889 1331 possint
912 1255 945 1315 et
967 1251 1113 1330 debcant,
1137 1251 1373 1332 impedimentis

90 1371 104 1427 t
121 1362 434 1427 contradiecionibus
454 1363 652 1427 cessantibus
669 1363 921 1446 quibuscunque,
945 1363 1069 1429 iuribus
1084 1370 1192 1428 tamen
1210 1365 1376 1428 nostriset

92 1478 213 1541 liorum
244 1475 461 1555 quorumlibet
490 1494 617 1556 semper
646 1475 757 1540 saluis.
802 1475 988 1541 inhibemus
1021 1477 1120 1557 igitur
1150 1476 1309 1540 uniuersis
1343 1481 1376 1539 et

89 1588 214 1671 iugulis
246 1590 364 1652 nostris
389 1594 422 1653 et
444 1589 533 1669 regni
564 1588 665 1653 nostri
688 1588 820 1652 Beemie
847 1588 1036 1654 officialibus
1059 1594 1092 1653 et
1114 1589 1279 1670 signanter
1302 1588 1376 1652 sub·

89 1702 263 1780 camerario,
295 1703 349 1783 qui
379 1721 464 1766 nunc
494 1707 569 1765 sunt
597 1702 649 1766 uel
679 1721 737 1783 pro
761 1707 904 1782 tempore
926 1701 1054 1781 luerint,
1085 1700 1233 1766 fidelibus
1256 1701 1374 1764 nostris

92 1815 214 1893 ilectis,
246 1821 356 1879 tenore
379 1815 580 1896 presencium
609 1813 743 1879 firmiter
765 1820 798 1879 et
820 1814 974 1893 districte,
1006 1833 1046 1878 ne
1068 1812 1210 1896 prefatos
1233 1812 1321 1878 ciues
1344 1819 1377 1877 et

89 1928 200 1992 ncolas
230 1928 314 1991 dicte
345 1933 453 1992 nostre
476 1927 567 1992 Neue
597 1927 736 1992 ciuitatis
759 1927 929 2009 Pragensis
961 1927 994 1991 in
1023 1927 1206 1992 huiusmodi
1234 1924 1376 1991 thelonei

89 2043 146 2104 iue
183 2040 265 2104 dacii
300 2040 508 2120 imposicione
539 2043 572 2103 et
600 2039 793 2105 collectione
823 2040 998 2120 impediant
1028 2057 1085 2104 seu
1115 2059 1173 2121 per
1194 2041 1377 2123 quempiam

89 2153 226 2234 mpediri
249 2153 425 2233 paciantur,
458 2171 552 2232 quam
575 2153 686 2233 pocius
716 2153 804 2233 ipsos
827 2152 1010 2217 huiusmodi
1035 2153 1194 2232 thelonea,
1226 2151 1376 2217 collectas

91 2274 106 2330 t
131 2267 241 2330 dacius
264 2265 365 2329 libero
388 2271 421 2329 'et
444 2266 512 2328 sine
543 2265 779 2346 impedimentis
810 2264 1006 2347 quibuslibet
1032 2266 1170 2346 exigere,
1201 2264 1314 2329 tollere
1344 2271 1378 2330 et

91 2378 231 2458 elligere
254 2378 448 2459 permittant,
473 2383 568 2459 prout
582 2378 838 2459 indignacionem
860 2383 1003 2443 nostram
1021 2378 1245 2460 grauissimam
1267 2378 1376 2442 volue-

90 2493 141 2555 int
158 2491 264 2554 arcius
284 2491 417 2556 euitare.
440 2491 645 2555 Presentibus
664 2491 705 2554 ad
723 2498 832 2556 nostre
855 2490 1028 2556 voluntatis
1050 2491 1285 2572 beneplacitum
1306 2495 1374 2555 tan-

89 2603 240 2667 ummodo
256 2603 413 2667 valituris.
430 2603 636 2667 Prosentibus
652 2608 712 2668 etc.
728 2604 846 2668 Datum
858 2603 960 2686 Prage
975 2624 1057 2669 anno
1074 2604 1194 2671 domini
1209 2602 1376 2684 M00000,

89 2717 128 2780 ie
147 2712 211 2778 Vl⁰
232 2715 430 2792 Decembris,
454 2734 625 2795 regnorum
647 2721 829 2780 nostrorum
852 2735 934 2780 anno
951 2716 1082 2782 Beemie
1097 2716 1291 2796 xxxvssm,
1314 2717 1377 2781 Re·

89 2846 244 2892 nanorum
267 2846 342 2890 vero
366 2826 481 2892 XXV0.
498 2828 522 2905 ¹)

181 3000 203 3052 Z
223 2999 356 3066 rukopisu
370 2998 530 3052 urriversitni
548 3000 685 3067 knihovny
704 3000 824 3054 Praiske
836 3001 956 3054 zvaneho
977 3001 1148 3070 ,Copiarium
1169 3001 1279 3071 diplom.
1299 3003 1377 3055 Prae.-

89 3096 238 3148 rislaeum“
259 3094 325 3161 sign.
345 3093 382 3145 VI
402 3096 433 3146 A.
454 3099 468 3145 7
487 3094 534 3147 list
553 3101 594 3147 33.
614 3095 654 3147 Za
672 3095 794 3162 napisem
815 3094 960 3161 ,Eiusdem
980 3096 1057 3149 Neue
1076 3097 1197 3150 ciuitatis
1216 3113 1299 3166 super
1319 3098 1377 3150 the·

89 3206 187 3243 meum
212 3188 404 3256 imponendum
425 3195 452 3241 et
469 3189 655 3256 exigendum.
692 3190 711 3253 ¹)
730 3189 755 3241 V
773 3190 904 3258 rukopise
925 3191 989 3257 stoji
1006 3206 1107 3259 pouze:
1128 3193 1244 3258 ,Datum
1264 3199 1291 3245 et
1308 3193 1377 3243 relo-

89 3287 154 3338 ione
174 3298 224 3351 per
242 3286 333 3336 omnio
350 3291 381 3336 ut
400 3299 483 3352 supra
501 3285 528 3336 in
546 3283 728 3352 precedenti.“

653 3509 716 3592 (lis.
743 3527 814 3592 119.

376 3700 480 3767 1401.
516 3701 573 3768 13.
597 3701 782 3784 prosince.
816 3699 950 3767 Kutnit
972 3700 1086 3767 liora.

89 3873 162 3935 'st-dl
184 3871 299 3935 Vriclcce
315 3873 370 3934 JV.
394 3875 534 3956 zopr'ercje
552 3872 746 3936 illilcccla's'ooi
765 3893 780 3932 z
798 3870 991 3936 Bernwalclu
1012 3874 1119 3957 spelta
1135 3871 1260 3934 Nooc'ho
1282 3871 1379 3931 mdccc

89 3984 255 4047 ΓἦτιΞεΙεεΊιο
279 4008 312 4045 ce
335 3985 400 4046 300
422 3986 540 4068 lopcicb
560 4009 608 4069 qr.
634 3961 665 4048 ὅ
689 4007 720 4048 sc
742 3985 839 4072 ademi
866 3989 968 4069 prdoy
991 3984 1203 4068 opobalsami,
1234 3983 1255 4046 lc
1279 3983 1379 4066 rpcbtd

446 4100 477 4159 tc'
494 4098 535 4160 od
556 4097 750 4160 etarodcicna
769 4096 1016 4181 priicludejc'cimi.

185 4272 393 4337 Wenceslaus
417 4279 476 4337 etc.
500 4271 618 4335 Notum
642 4271 775 4336 iacimus
798 4279 867 4350 etc,
892 4271 977 4353 quod
996 4270 1147 4351 inspectis
1170 4271 1279 4351 gratis
1302 4270 1379 4335 fide-

89 4388 164 4451 ibus
188 4392 223 4450 et
243 4384 414 4449 indefessis
439 4385 601 4466 obsequiis
625 4384 787 4448 maiestati
802 4387 911 4448 nostre
933 4402 992 4464 per
1006 4382 1198 4448 Miniconem
1221 4383 1260 4448 de
1279 4382 1379 4448 Bern-

89 4500 164 4577 rald,
190 4497 381 4562 familiarem
405 4503 438 4561 et
459 4496 586 4561 fidelem
602 4501 745 4561 nostrum
761 4495 922 4576 dilectum,
939 4495 1059 4560 dudum
1076 4495 1212 4561 solerter
1229 4495 1379 4560 exhibitis
