3068 5160
171 357 213 419 80
785 358 859 408 1348.

173 565 249 645 crrjc,
273 566 303 625 ic
326 584 340 623 s
363 561 501 624 blormr‘or
524 565 644 625 meatem
659 562 759 647 jedna
783 564 844 626 reto
867 564 975 627 leodici
995 587 1016 627 a
1038 563 1133 626 adelch
1149 562 1326 647 privilegii,
1347 561 1468 637 acobod,

171 675 336 758 mdatalrrjcb
360 678 444 758 preto
467 699 488 737 c
510 672 654 759 obyc‘cjttc
683 676 803 738 cilenti
829 680 890 750 mci,
915 676 1013 759 jamia
1038 684 1100 738 toto
1129 677 1224 739 mato
1253 696 1286 739 ae
1313 681 1467 759 spraeojc.

172 785 340 870 Obycotelc'
358 784 484 851 Noccbc
511 790 608 850 orara
637 789 717 872 broja'
749 810 780 851 ce
802 790 905 851 *caeca
932 793 1038 871 prdca
1066 787 1266 852 soakmmebo
1291 788 1468 852 itrcstailro

169 899 290 963 scordili
317 920 348 962 ac
376 898 460 983 prad
488 901 661 983 rycbto‘r'cm
690 924 712 963 a
741 900 842 986 kmety
871 900 1027 964 oloetoz'lro
1057 901 1155 964 mesta
1174 924 1197 963 a
1213 900 1327 984 poena
1357 922 1388 965 ae
1409 904 1468 985 tyla

172 1014 367 1097 olqradr'eap'clr
381 1013 446 1096 jim
467 1013 592 1087 orbitat,
623 1036 667 1076 ao
689 1014 780 1075 alchi
795 1013 939 1076 zacaaclc‘
959 1036 990 1077 ce
1012 1012 1105 1098 domy
1126 1015 1239 1077 atacdti
1258 1036 1279 1076 o
1299 1014 1405 1077 misici
1425 1035 1466 1097 pe

60 1121 62 1125 ⁴
171 1125 324 1207 oplca'zcioi
354 1122 425 1187 sobe
453 1129 556 1204 ruricio,
585 1128 661 1210 jaca
687 1127 826 1208 paciani
852 1127 1001 1209 mplata‘tr'
1023 1147 1125 1210 poure
1154 1129 1348 1191 sumamma
1373 1126 1467 1209 lcupm'

164 1241 273 1320 pcaizc
302 1237 353 1299 dle
369 1237 565 1314 rozerilrloab'
590 1237 683 1322 padp
711 1262 734 1302 a
754 1239 805 1301 nic
826 1243 900 1302 vice.
958 1236 1011 1302 Do
1039 1238 1120 1301 calice
1149 1236 1206 1302 neb
1233 1241 1370 1302 odmdsti
1395 1246 1464 1323 ples

172 1350 330 1433 cqqlcdzcac‘
348 1371 427 1413 meze
448 1350 595 1434 aalaaaojc
617 1373 648 1413 aa
672 1352 737 1432 jioa
767 1352 880 1414 stoodti
901 1375 923 1414 a
945 1349 1103 1414 bradoocad
1128 1353 1219 1436 amej'a'
1237 1373 1285 1415 aa
1305 1350 1398 1435 domy
1420 1351 1466 1412 ars'

172 1461 320 1524 olclo'dotr'
342 1462 437 1545 placy
458 1467 554 1537 rederi,
588 1466 677 1526 oddae
695 1462 752 1526 aab
775 1465 917 1539 (ἰοᾰιεηέ,
937 1484 1038 1547 porrzc
1067 1462 1108 1527 do
1125 1462 1270 1547 polonice
1294 1464 1366 1548 jicb
1386 1486 1462 1545 ceap.

171 1573 317 1636 Koaednd
328 1574 475 1660 prouolaje
497 1597 528 1638 aa
550 1574 663 1651 aid-alm,
688 1575 749 1660 aby
770 1598 802 1639 ac
817 1576 857 1641 do
873 1575 997 1639 Novato
1013 1579 1109 1639 mara
1123 1574 1301 1639 staakdo
1323 1574 1464 1640 sichardi

170 1710 191 1749 a
220 1686 381 1768 prreklddc
409 1710 440 1751 se
470 1698 534 1751 lam
565 1691 690 1772 rp'rodoa'
719 1691 769 1752 trlr
791 1687 989 1773 Scotoor‘tslcy‘
1017 1711 1049 1751 ze
1079 1685 1212 1752 sacrare
1242 1689 1352 1763 mesta,
1376 1688 1463 1773 jatoi

609 1802 622 1864 ι’
643 1801 772 1885 tp'clcooc'
794 1803 843 1864 trb
859 1801 1026 1885 ponddlol.
1494 1798 1497 1829 ⁵

274 2027 412 2092 llarolus
436 2029 489 2093 dei
512 2029 620 2110 gracia
641 2029 856 2093 Romanorum
879 2047 934 2092 rex
958 2047 1085 2109 semper
1105 2032 1265 2110 augustus
1287 2034 1321 2093 et
1342 2027 1457 2093 Boemie

171 2162 236 2206 rex.
271 2142 320 2205 Ad
342 2147 528 2223 perpetuam
552 2143 600 2205 rei
622 2142 819 2206 memoriam.
849 2141 937 2205 Inter
952 2139 1033 2204 alias
1050 2139 1209 2223 siquidem
1224 2141 1456 2223 occupacionun

171 2272 273 2332 carae,
298 2255 413 2335 quibus
436 2253 619 2318 fluctuantis
641 2253 749 2333 pelagi
771 2271 860 2319 more
884 2271 940 2334 pro
964 2252 1086 2317 salubri
1109 2252 1289 2334 reipublice
1308 2258 1392 2319 statu
1410 2268 1455 2316 ne

172 2373 238 2430 ster
254 2365 385 2447 spiritus
403 2365 533 2429 cottidie
557 2363 719 2446 fatigatur,
743 2365 862 2429 nostris
886 2365 1010 2429 occurit
1032 2364 1349 2432 consideracionibus
1369 2362 1454 2447 preci·

170 2498 273 2559 puum
303 2498 339 2543 ac
373 2477 583 2543 meditacione
619 2478 732 2543 sedula
774 2476 971 2543 reuoluimus
1009 2482 1158 2543 accurata
1196 2476 1453 2560 contemplacione

170 2597 353 2673 pensantes
389 2591 528 2673 qualiter
550 2591 780 2656 hereditarium
810 2610 945 2672 regnum
976 2596 1121 2655 nostrum
1151 2588 1286 2657 Bcemie
1316 2608 1356 2655 ex
1382 2584 1452 2654 omni

170 2705 385 2786 pulcritudine
408 2704 519 2782 vireat,
550 2706 662 2787 requie
685 2705 801 2783 vigeat,
837 2703 989 2785 opulenta
1019 2702 1199 2767 emulorum
1229 2704 1384 2769 iacturam
1403 2716 1453 2764 non

170 2817 291 2894 tirueat,
323 2816 472 2898 generale
501 2817 620 2881 bonum
644 2822 677 2881 et
698 2817 864 2881 comodum
893 2817 970 2880 dicti
1001 2816 1092 2897 regni
1114 2814 1286 2881 fructificet
1307 2836 1346 2881 ac
1365 2815 1452 2896 ipsun
1495 2864 1497 2871 .

170 2930 312 3010 regimen
336 2930 481 2994 debono
505 2929 538 2993 in
561 2929 677 2994 melius
700 2947 904 2993 succrescens
936 2929 1027 3011 quasi
1051 2946 1136 2993 noua
1159 2927 1365 3009 plantacione
1391 2924 1453 2991 lide

171 3042 248 3107 lium
271 3044 377 3108 valeat
398 3043 579 3124 propagari.
614 3040 656 3106 Vt
670 3041 815 3106 eiusdem
838 3041 1027 3123 speciositas
1050 3046 1084 3105 et
1104 3041 1241 3106 adaucta
1263 3039 1452 3122 prosperitas

170 3156 347 3235 exquibus
378 3155 513 3220 resultat
534 3154 655 3219 utilitas
688 3153 848 3235 generalis
871 3153 954 3218 fame
984 3160 1103 3232 nostre,
1135 3152 1340 3234 publicantes
1360 3166 1454 3235 prere

171 3269 257 3331 niam
274 3268 452 3332 exhilarent
474 3274 506 3331 et
528 3267 672 3332 reficiant
687 3271 825 3331 mentem
841 3272 1001 3344 nostram3
1024 3284 1088 3330 non
1105 3270 1180 3330 sunt
1197 3266 1312 3348 utique
1326 3265 1453 3330 laborum

170 3381 394 3460 additamenta,
426 3371 483 3444 sed
506 3380 643 3461 requies,
675 3398 737 3462 qne
761 3379 801 3442 ad
831 3380 1008 3443 ornandum
1031 3383 1064 3443 ot
1085 3376 1325 3443 sublimandum
1354 3382 1453 3443 statun

170 3494 271 3574 ipsios
306 3493 396 3575 regni
431 3492 560 3556 assiduae
584 3492 770 3572 cogitamus,
806 3497 915 3572 utpote
938 3509 1011 3556 cum
1035 3490 1119 3555 inter
1148 3489 1223 3570 alia,
1255 3510 1320 3573 que
1345 3488 1453 3574 juribus

170 3606 287 3670 nostris
310 3612 443 3686 paterne
467 3604 678 3669 successionis
698 3604 831 3685 reliquit
860 3605 1002 3669 debitum
1034 3603 1087 3668 uel
1109 3602 1238 3668 fortune
1260 3602 1394 3669 felicitas
1413 3617 1453 3663 ac·

170 3718 401 3798 qaisicionibus
434 3717 637 3798 postmodum
667 3717 833 3798 agregauit
864 3735 998 3798 regnum
1028 3716 1133 3798 ipsum
1162 3734 1220 3797 pre
1245 3715 1361 3783 ceteris
1382 3711 1455 3777 relat

171 3829 305 3894 eloctum
337 3829 495 3912 quoddam
519 3830 705 3893 viridarium
736 3830 820 3894 inter
846 3848 940 3909 agros
971 3829 1075 3894 carius
1097 3835 1297 3910 reputemus.
1342 3827 1388 3894 Ad
1406 3824 1454 3888 bea

170 3939 267 4020 igitur
290 3941 461 4005 salubriter
482 3941 681 4022 procuranda
705 3943 822 4006 nostris
845 3954 909 4006 non
933 3941 1100 4023 indulgere
1130 3940 1298 4008 laboribus
1320 3960 1378 4007 nec
1395 3953 1452 4021 par·
1484 3978 1487 3985 ·

171 4070 242 4115 cere
265 4054 443 4134 suriiptibus
460 4055 675 4134 disponentes
700 4053 864 4118 ciuitatem
880 4053 1074 4135 I'ragensem
1090 4053 1123 4117 in
1134 4054 1401 4135 metropoliticam
1421 4043 1453 4113 ad

171 4163 271 4226 nostri
295 4165 482 4230 instanciam
506 4172 539 4228 et·
561 4172 744 4247 requestam
768 4185 830 4229 uon
854 4172 927 4230 ante
950 4165 1067 4230 multos
1091 4165 1149 4230 bos
1172 4165 1244 4231 dies
1266 4160 1454 4234 enectaniu

172 4273 272 4354 ipsias
294 4277 385 4356 regui
407 4280 511 4342 medio
536 4286 568 4342 et
590 4280 659 4342 loco
683 4277 881 4343 fertilissimo
911 4278 1005 4342 sitam
1029 4298 1048 4343 a
1071 4278 1275 4345 diuersarum
1305 4280 1456 4363 regionum

172 4393 205 4451 et
227 4387 312 4452 orbis
335 4391 476 4468 parcium
499 4393 646 4471 gentilos
661 4391 904 4473 frequentatam,
930 4391 1019 4456 curius
1043 4392 1154 4456 ‹lomos
1177 4397 1210 4456 et
1233 4392 1363 4459 edificia
1382 4387 1459 4455 babi-

170 4505 290 4564 tatores
322 4500 423 4580 ipsius
446 4509 479 4566 ct
500 4505 590 4568 milia
619 4504 728 4586 populi
764 4503 1007 4583 circumdantes,
1039 4523 1076 4568 ac
1098 4504 1138 4569 ad
1160 4505 1266 4586 ipsam
1298 4516 1460 4573 concursus
