<?xml version="1.0" encoding="UTF-8"?>
<!DOCTYPE html PUBLIC "-//W3C//DTD XHTML 1.0 Transitional//EN"
    "http://www.w3.org/TR/xhtml1/DTD/xhtml1-transitional.dtd">
<html xmlns="http://www.w3.org/1999/xhtml" xml:lang="en" lang="en">
 <head>
  <title>
</title>
<meta http-equiv="Content-Type" content="text/html;charset=utf-8" />
  <meta name='ocr-system' content='tesseract 3.04.00' />
  <meta name='ocr-capabilities' content='ocr_page ocr_carea ocr_par ocr_line ocrx_word'/>
</head>
<body>
  <div class='ocr_page' id='page_1' title='image "./sbrkapramenprva00kingoog_0438.png"; bbox 0 0 3090 5370; ppageno 0'>
   <div class='ocr_carea' id='block_1_1' title="bbox 209 369 893 431">
    <p class='ocr_par' dir='ltr' id='par_1_1' title="bbox 209 369 893 431">
     <span class='ocr_line' id='line_1_1' title="bbox 209 369 893 431; baseline 0 -15"><span class='ocrx_word' id='word_1_1' title='bbox 209 369 271 431; x_wconf 66' lang='lat'><strong>2:38</strong></span> <span class='ocrx_word' id='word_1_2' title='bbox 819 369 893 417; x_wconf 70' lang='lat'>1461.</span> 
     </span>
    </p>
   </div>
   <div class='ocr_carea' id='block_1_2' title="bbox 135 570 1506 4364">
    <p class='ocr_par' dir='ltr' id='par_1_2' title="bbox 135 570 1506 4364">
     <span class='ocr_line' id='line_1_2' title="bbox 208 570 1503 653; baseline -0.002 -15"><span class='ocrx_word' id='word_1_3' title='bbox 208 575 339 638; x_wconf 88' lang='lat' dir='ltr'><strong>cissirna</strong></span> <span class='ocrx_word' id='word_1_4' title='bbox 360 573 528 653; x_wconf 82' lang='lat' dir='ltr'><strong>plantacio,</strong></span> <span class='ocrx_word' id='word_1_5' title='bbox 552 571 618 635; x_wconf 91' lang='lat' dir='ltr'><strong>illis</strong></span> <span class='ocrx_word' id='word_1_6' title='bbox 641 577 674 637; x_wconf 91' lang='lat' dir='ltr'><strong>et</strong></span> <span class='ocrx_word' id='word_1_7' title='bbox 696 572 788 637; x_wconf 93' lang='lat' dir='ltr'><strong>nobis</strong></span> <span class='ocrx_word' id='word_1_8' title='bbox 811 589 937 653; x_wconf 82' lang='lat' dir='ltr'><strong>semper</strong></span> <span class='ocrx_word' id='word_1_9' title='bbox 957 571 1068 637; x_wconf 90' lang='lat' dir='ltr'><strong>fideles</strong></span> <span class='ocrx_word' id='word_1_10' title='bbox 1090 576 1165 636; x_wconf 89' lang='lat' dir='ltr'><strong>sunt</strong></span> <span class='ocrx_word' id='word_1_11' title='bbox 1179 570 1312 651; x_wconf 91' lang='lat' dir='ltr'><strong>inuenti,</strong></span> <span class='ocrx_word' id='word_1_12' title='bbox 1337 577 1373 637; x_wconf 86' lang='lat' dir='ltr'><strong>vt</strong></span> <span class='ocrx_word' id='word_1_13' title='bbox 1394 590 1450 638; x_wconf 89' lang='lat' dir='ltr'><strong>eos</strong></span> <span class='ocrx_word' id='word_1_14' title='bbox 1469 590 1503 636; x_wconf 89' lang='lat' dir='ltr'><strong>oo</strong></span> 
     </span>
     <span class='ocr_line' id='line_1_3' title="bbox 209 683 1502 768; baseline -0.001 -19"><span class='ocrx_word' id='word_1_15' title='bbox 209 688 376 768; x_wconf 89' lang='lat' dir='ltr'><strong>proniores</strong></span> <span class='ocrx_word' id='word_1_16' title='bbox 398 685 439 748; x_wconf 91' lang='lat' dir='ltr'><strong>ad</strong></span> <span class='ocrx_word' id='word_1_17' title='bbox 460 689 570 748; x_wconf 88' lang='lat' dir='ltr'><strong>nostra</strong></span> <span class='ocrx_word' id='word_1_18' title='bbox 592 684 763 748; x_wconf 83' lang='lat' dir='ltr'><strong>reddamus</strong></span> <span class='ocrx_word' id='word_1_19' title='bbox 785 684 932 765; x_wconf 88' lang='lat' dir='ltr'><strong>seruicia,</strong></span> <span class='ocrx_word' id='word_1_20' title='bbox 957 701 1019 767; x_wconf 90' lang='lat' dir='ltr'><strong>quo</strong></span> <span class='ocrx_word' id='word_1_21' title='bbox 1043 688 1188 749; x_wconf 89' lang='lat' dir='ltr'><strong>nostrum</strong></span> <span class='ocrx_word' id='word_1_22' title='bbox 1202 683 1327 765; x_wconf 87' lang='lat' dir='ltr'><strong>regium</strong></span> <span class='ocrx_word' id='word_1_23' title='bbox 1352 684 1416 749; x_wconf 89' lang='lat' dir='ltr'>sibi</span> <span class='ocrx_word' id='word_1_24' title='bbox 1438 702 1502 749; x_wconf 83' lang='lat' dir='ltr'><strong>sen-</strong></span> 
     </span>
     <span class='ocr_line' id='line_1_4' title="bbox 210 795 1505 878; baseline -0.002 -15"><span class='ocrx_word' id='word_1_25' title='bbox 210 800 311 863; x_wconf 87' lang='lat' dir='ltr'><strong>serint</strong></span> <span class='ocrx_word' id='word_1_26' title='bbox 339 798 481 862; x_wconf 86' lang='lat' dir='ltr'><strong>animum</strong></span> <span class='ocrx_word' id='word_1_27' title='bbox 510 797 689 878; x_wconf 87' lang='lat' dir='ltr'><strong>propicium</strong></span> <span class='ocrx_word' id='word_1_28' title='bbox 718 803 752 860; x_wconf 91' lang='lat' dir='ltr'><strong>et</strong></span> <span class='ocrx_word' id='word_1_29' title='bbox 771 795 941 862; x_wconf 88' lang='lat' dir='ltr'><strong>fauentem.</strong></span> <span class='ocrx_word' id='word_1_30' title='bbox 987 797 1091 877; x_wconf 83' lang='lat' dir='ltr'><strong>Igitur</strong></span> <span class='ocrx_word' id='word_1_31' title='bbox 1112 813 1176 860; x_wconf 93' lang='lat' dir='ltr'><strong>non</strong></span> <span class='ocrx_word' id='word_1_32' title='bbox 1205 814 1264 878; x_wconf 90' lang='lat' dir='ltr'><strong>per</strong></span> <span class='ocrx_word' id='word_1_33' title='bbox 1289 815 1435 861; x_wconf 88' lang='lat' dir='ltr'><strong>errorem</strong></span> <span class='ocrx_word' id='word_1_34' title='bbox 1455 803 1505 862; x_wconf 86' lang='lat' dir='ltr'><strong>aut</strong></span> 
     </span>
     <span class='ocr_line' id='line_1_5' title="bbox 210 908 1503 992; baseline 0 -18"><span class='ocrx_word' id='word_1_35' title='bbox 210 910 398 992; x_wconf 86' lang='lat' dir='ltr'><strong>improuide,</strong></span> <span class='ocrx_word' id='word_1_36' title='bbox 429 909 486 974; x_wconf 92' lang='lat' dir='ltr'><strong>sed</strong></span> <span class='ocrx_word' id='word_1_37' title='bbox 515 909 622 975; x_wconf 89' lang='lat' dir='ltr'><strong>animo</strong></span> <span class='ocrx_word' id='word_1_38' title='bbox 653 908 840 989; x_wconf 89' lang='lat' dir='ltr'><strong>deliberato,</strong></span> <span class='ocrx_word' id='word_1_39' title='bbox 872 909 1104 975; x_wconf 83' lang='lat' dir='ltr'><strong>communicato</strong></span> <span class='ocrx_word' id='word_1_40' title='bbox 1126 908 1317 991; x_wconf 79' lang='lat' dir='ltr'><strong>principum,</strong></span> <span class='ocrx_word' id='word_1_41' title='bbox 1341 927 1503 991; x_wconf 86' lang='lat' dir='ltr'><strong>proceram</strong></span> 
     </span>
     <span class='ocr_line' id='line_1_6' title="bbox 209 1021 1503 1101; baseline 0 -14"><span class='ocrx_word' id='word_1_42' title='bbox 209 1031 242 1087; x_wconf 87' lang='lat' dir='ltr'><strong>et</strong></span> <span class='ocrx_word' id='word_1_43' title='bbox 263 1021 406 1088; x_wconf 91' lang='lat' dir='ltr'><strong>fidelium</strong></span> <span class='ocrx_word' id='word_1_44' title='bbox 428 1027 611 1087; x_wconf 90' lang='lat' dir='ltr'><strong>nostrorum</strong></span> <span class='ocrx_word' id='word_1_45' title='bbox 626 1040 703 1087; x_wconf 88' lang='lat' dir='ltr'><strong>sano</strong></span> <span class='ocrx_word' id='word_1_46' title='bbox 727 1022 872 1101; x_wconf 89' lang='lat' dir='ltr'><strong>consilio,</strong></span> <span class='ocrx_word' id='word_1_47' title='bbox 896 1023 936 1087; x_wconf 89' lang='lat' dir='ltr'><strong>de</strong></span> <span class='ocrx_word' id='word_1_48' title='bbox 959 1027 1046 1087; x_wconf 87' lang='lat' dir='ltr'><strong>corta</strong></span> <span class='ocrx_word' id='word_1_49' title='bbox 1067 1025 1177 1087; x_wconf 89' lang='lat' dir='ltr'><strong>nostra</strong></span> <span class='ocrx_word' id='word_1_50' title='bbox 1199 1022 1349 1101; x_wconf 80' lang='lat' dir='ltr'><strong>sciencia,</strong></span> <span class='ocrx_word' id='word_1_51' title='bbox 1374 1023 1503 1087; x_wconf 89' lang='lat' dir='ltr'><strong>auctori·</strong></span> 
     </span>
     <span class='ocr_line' id='line_1_7' title="bbox 209 1133 1502 1216; baseline 0 -17"><span class='ocrx_word' id='word_1_52' title='bbox 209 1142 274 1200; x_wconf 87' lang='lat' dir='ltr'><strong>tate</strong></span> <span class='ocrx_word' id='word_1_53' title='bbox 297 1135 388 1216; x_wconf 88' lang='lat' dir='ltr'><strong>regia</strong></span> <span class='ocrx_word' id='word_1_54' title='bbox 409 1152 519 1200; x_wconf 91' lang='lat' dir='ltr'><strong>omnes</strong></span> <span class='ocrx_word' id='word_1_55' title='bbox 540 1142 573 1199; x_wconf 88' lang='lat' dir='ltr'><strong>et</strong></span> <span class='ocrx_word' id='word_1_56' title='bbox 586 1133 730 1215; x_wconf 89' lang='lat' dir='ltr'><strong>singulas</strong></span> <span class='ocrx_word' id='word_1_57' title='bbox 753 1133 886 1214; x_wconf 82' lang='lat' dir='ltr'><strong>litteras,</strong></span> <span class='ocrx_word' id='word_1_58' title='bbox 911 1135 1045 1216; x_wconf 87' lang='lat' dir='ltr'><strong>gracias,</strong></span> <span class='ocrx_word' id='word_1_59' title='bbox 1068 1134 1255 1212; x_wconf 86' lang='lat' dir='ltr'><strong>erectiones,</strong></span> <span class='ocrx_word' id='word_1_60' title='bbox 1279 1134 1502 1207; x_wconf 82' lang='lat' dir='ltr'><strong>immunitates,</strong></span> 
     </span>
     <span class='ocr_line' id='line_1_8' title="bbox 210 1245 1501 1327; baseline 0 -15"><span class='ocrx_word' id='word_1_61' title='bbox 210 1249 385 1327; x_wconf 83' lang='lat' dir='ltr'><strong>libertates,</strong></span> <span class='ocrx_word' id='word_1_62' title='bbox 417 1248 621 1326; x_wconf 83' lang='lat' dir='ltr'><strong>donaciones,</strong></span> <span class='ocrx_word' id='word_1_63' title='bbox 649 1248 882 1327; x_wconf 85' lang='lat' dir='ltr'><strong>concessiones,</strong></span> <span class='ocrx_word' id='word_1_64' title='bbox 906 1247 1085 1312; x_wconf 86' lang='lat' dir='ltr'><strong>laudabiles</strong></span> <span class='ocrx_word' id='word_1_65' title='bbox 1115 1245 1366 1312; x_wconf 89' lang='lat' dir='ltr'><strong>consuetudines</strong></span> <span class='ocrx_word' id='word_1_66' title='bbox 1388 1252 1423 1311; x_wconf 92' lang='lat' dir='ltr'><strong>ot</strong></span> <span class='ocrx_word' id='word_1_67' title='bbox 1442 1247 1501 1312; x_wconf 84' lang='lat' dir='ltr'><strong>rni-</strong></span> 
     </span>
     <span class='ocr_line' id='line_1_9' title="bbox 211 1358 1502 1443; baseline -0.001 -20"><span class='ocrx_word' id='word_1_68' title='bbox 211 1379 305 1425; x_wconf 85' lang='lat' dir='ltr'><strong>nersa</strong></span> <span class='ocrx_word' id='word_1_69' title='bbox 327 1360 460 1439; x_wconf 87' lang='lat' dir='ltr'><strong>indulta,</strong></span> <span class='ocrx_word' id='word_1_70' title='bbox 479 1361 554 1443; x_wconf 89' lang='lat' dir='ltr'><strong>jura</strong></span> <span class='ocrx_word' id='word_1_71' title='bbox 576 1367 609 1424; x_wconf 87' lang='lat' dir='ltr'><strong>et</strong></span> <span class='ocrx_word' id='word_1_72' title='bbox 630 1360 802 1442; x_wconf 83' lang='lat' dir='ltr'><strong>priuilegia</strong></span> <span class='ocrx_word' id='word_1_73' title='bbox 825 1380 845 1425; x_wconf 87' lang='lat' dir='ltr'><strong>a</strong></span> <span class='ocrx_word' id='word_1_74' title='bbox 867 1360 952 1425; x_wconf 93' lang='lat' dir='ltr'><strong>diuis</strong></span> <span class='ocrx_word' id='word_1_75' title='bbox 975 1365 1009 1424; x_wconf 91' lang='lat' dir='ltr'><strong>et</strong></span> <span class='ocrx_word' id='word_1_76' title='bbox 1030 1358 1244 1424; x_wconf 87' lang='lat' dir='ltr'><strong>serenissimis</strong></span> <span class='ocrx_word' id='word_1_77' title='bbox 1259 1358 1392 1439; x_wconf 84' lang='lat' dir='ltr'><strong>Karolo,</strong></span> <span class='ocrx_word' id='word_1_78' title='bbox 1415 1358 1502 1423; x_wconf 85' lang='lat' dir='ltr'><strong>Wan-</strong></span> 
     </span>
     <span class='ocr_line' id='line_1_10' title="bbox 210 1470 1501 1554; baseline -0.003 -16"><span class='ocrx_word' id='word_1_79' title='bbox 210 1474 325 1552; x_wconf 85' lang='lat' dir='ltr'><strong>ceslao‚</strong></span> <span class='ocrx_word' id='word_1_80' title='bbox 349 1472 552 1554; x_wconf 75' lang='lat' dir='ltr'><strong>sigismundo</strong></span> <span class='ocrx_word' id='word_1_81' title='bbox 572 1478 606 1538; x_wconf 91' lang='lat' dir='ltr'><strong>et</strong></span> <span class='ocrx_word' id='word_1_82' title='bbox 619 1472 779 1552; x_wconf 87' lang='lat' dir='ltr'><strong>Ladislao,</strong></span> <span class='ocrx_word' id='word_1_83' title='bbox 802 1472 1083 1554; x_wconf 88' lang='lat' dir='ltr'><strong>predecessoribus</strong></span> <span class='ocrx_word' id='word_1_84' title='bbox 1098 1470 1226 1549; x_wconf 87' lang='lat' dir='ltr'><strong>nostris,</strong></span> <span class='ocrx_word' id='word_1_85' title='bbox 1249 1475 1348 1552; x_wconf 93' lang='lat' dir='ltr'><strong>prout</strong></span> <span class='ocrx_word' id='word_1_86' title='bbox 1362 1470 1501 1553; x_wconf 88' lang='lat' dir='ltr'><strong>superius</strong></span> 
     </span>
     <span class='ocr_line' id='line_1_11' title="bbox 210 1582 1501 1666; baseline -0.001 -20"><span class='ocrx_word' id='word_1_87' title='bbox 210 1587 249 1649; x_wconf 89' lang='lat' dir='ltr'><strong>de</strong></span> <span class='ocrx_word' id='word_1_88' title='bbox 272 1585 369 1650; x_wconf 88' lang='lat' dir='ltr'><strong>verbo</strong></span> <span class='ocrx_word' id='word_1_89' title='bbox 392 1585 433 1649; x_wconf 88' lang='lat' dir='ltr'><strong>ad</strong></span> <span class='ocrx_word' id='word_1_90' title='bbox 448 1584 580 1649; x_wconf 88' lang='lat' dir='ltr'><strong>verbum</strong></span> <span class='ocrx_word' id='word_1_91' title='bbox 595 1584 715 1666; x_wconf 90' lang='lat' dir='ltr'><strong>scripta</strong></span> <span class='ocrx_word' id='word_1_92' title='bbox 730 1589 813 1664; x_wconf 92' lang='lat' dir='ltr'><strong>sunt,</strong></span> <span class='ocrx_word' id='word_1_93' title='bbox 837 1585 959 1650; x_wconf 89' lang='lat' dir='ltr'><strong>eisdem</strong></span> <span class='ocrx_word' id='word_1_94' title='bbox 975 1584 1100 1649; x_wconf 87' lang='lat' dir='ltr'><strong>ciuibus</strong></span> <span class='ocrx_word' id='word_1_95' title='bbox 1115 1584 1215 1661; x_wconf 84' lang='lat' dir='ltr'><strong>datas,</strong></span> <span class='ocrx_word' id='word_1_96' title='bbox 1232 1582 1369 1648; x_wconf 88' lang='lat' dir='ltr'><strong>donatas</strong></span> <span class='ocrx_word' id='word_1_97' title='bbox 1384 1588 1420 1648; x_wconf 91' lang='lat' dir='ltr'><strong>et</strong></span> <span class='ocrx_word' id='word_1_98' title='bbox 1437 1600 1501 1647; x_wconf 84' lang='lat' dir='ltr'><strong>con·</strong></span> 
     </span>
     <span class='ocr_line' id='line_1_12' title="bbox 211 1694 1502 1778; baseline -0.002 -16"><span class='ocrx_word' id='word_1_99' title='bbox 211 1716 327 1776; x_wconf 85' lang='lat' dir='ltr'><strong>cessas,</strong></span> <span class='ocrx_word' id='word_1_100' title='bbox 359 1698 450 1776; x_wconf 84' lang='lat' dir='ltr'><strong>data,</strong></span> <span class='ocrx_word' id='word_1_101' title='bbox 481 1714 641 1775; x_wconf 86' lang='lat' dir='ltr'><strong>concessa,</strong></span> <span class='ocrx_word' id='word_1_102' title='bbox 675 1697 801 1776; x_wconf 90' lang='lat' dir='ltr'><strong>donata,</strong></span> <span class='ocrx_word' id='word_1_103' title='bbox 833 1696 958 1761; x_wconf 87' lang='lat' dir='ltr'><strong>indulta</strong></span> <span class='ocrx_word' id='word_1_104' title='bbox 980 1701 1013 1761; x_wconf 91' lang='lat' dir='ltr'><strong>et</strong></span> <span class='ocrx_word' id='word_1_105' title='bbox 1037 1695 1118 1761; x_wconf 86' lang='lat' dir='ltr'><strong>alias</strong></span> <span class='ocrx_word' id='word_1_106' title='bbox 1148 1712 1356 1778; x_wconf 87' lang='lat' dir='ltr'><strong>quascunque</strong></span> <span class='ocrx_word' id='word_1_107' title='bbox 1385 1694 1502 1761; x_wconf 77' lang='lat' dir='ltr'><strong>littores</strong></span> 
     </span>
     <span class='ocr_line' id='line_1_13' title="bbox 210 1807 1502 1890; baseline -0.002 -16"><span class='ocrx_word' id='word_1_108' title='bbox 210 1831 230 1874; x_wconf 85' lang='lat' dir='ltr'><strong>a</strong></span> <span class='ocrx_word' id='word_1_109' title='bbox 252 1809 344 1875; x_wconf 93' lang='lat' dir='ltr'><strong>nobis</strong></span> <span class='ocrx_word' id='word_1_110' title='bbox 359 1808 409 1874; x_wconf 87' lang='lat' dir='ltr'><strong>vel</strong></span> <span class='ocrx_word' id='word_1_111' title='bbox 431 1809 711 1890; x_wconf 84' lang='lat' dir='ltr'><strong>predecessoribus</strong></span> <span class='ocrx_word' id='word_1_112' title='bbox 727 1809 846 1874; x_wconf 89' lang='lat' dir='ltr'><strong>nostris</strong></span> <span class='ocrx_word' id='word_1_113' title='bbox 868 1808 1025 1890; x_wconf 88' lang='lat' dir='ltr'><strong>legittime</strong></span> <span class='ocrx_word' id='word_1_114' title='bbox 1045 1807 1201 1885; x_wconf 86' lang='lat' dir='ltr'><strong>obtentas,</strong></span> <span class='ocrx_word' id='word_1_115' title='bbox 1224 1825 1362 1889; x_wconf 91' lang='lat' dir='ltr'><strong>quorum</strong></span> <span class='ocrx_word' id='word_1_116' title='bbox 1383 1811 1502 1873; x_wconf 88' lang='lat' dir='ltr'><strong>tenores</strong></span> 
     </span>
     <span class='ocr_line' id='line_1_14' title="bbox 210 1919 1501 2002; baseline -0.002 -16"><span class='ocrx_word' id='word_1_117' title='bbox 210 1923 262 1987; x_wconf 86' lang='lat' dir='ltr'><strong>hic</strong></span> <span class='ocrx_word' id='word_1_118' title='bbox 285 1921 431 1986; x_wconf 90' lang='lat' dir='ltr'><strong>volumus</strong></span> <span class='ocrx_word' id='word_1_119' title='bbox 455 1926 488 1986; x_wconf 89' lang='lat' dir='ltr'><strong>et</strong></span> <span class='ocrx_word' id='word_1_120' title='bbox 510 1921 711 1987; x_wconf 90' lang='lat' dir='ltr'><strong>decernimus</strong></span> <span class='ocrx_word' id='word_1_121' title='bbox 732 1939 791 2002; x_wconf 90' lang='lat' dir='ltr'><strong>pro</strong></span> <span class='ocrx_word' id='word_1_122' title='bbox 813 1922 944 1986; x_wconf 89' lang='lat' dir='ltr'><strong>insertis</strong></span> <span class='ocrx_word' id='word_1_123' title='bbox 961 1921 1082 2000; x_wconf 88' lang='lat' dir='ltr'><strong>baberi,</strong></span> <span class='ocrx_word' id='word_1_124' title='bbox 1105 1920 1169 2002; x_wconf 93' lang='lat' dir='ltr'><strong>ipsi</strong></span> <span class='ocrx_word' id='word_1_125' title='bbox 1183 1919 1275 1985; x_wconf 87' lang='lat' dir='ltr'><strong>Noae</strong></span> <span class='ocrx_word' id='word_1_126' title='bbox 1294 1919 1421 1985; x_wconf 88' lang='lat' dir='ltr'><strong>ciuitati</strong></span> <span class='ocrx_word' id='word_1_127' title='bbox 1434 1920 1501 1985; x_wconf 87' lang='lat' dir='ltr'><strong>Pra-</strong></span> 
     </span>
     <span class='ocr_line' id='line_1_15' title="bbox 210 2031 1498 2115; baseline -0.005 -15"><span class='ocrx_word' id='word_1_128' title='bbox 210 2035 302 2115; x_wconf 88' lang='lat' dir='ltr'><strong>gensi</strong></span> <span class='ocrx_word' id='word_1_129' title='bbox 332 2039 365 2099; x_wconf 89' lang='lat' dir='ltr'><strong>et</strong></span> <span class='ocrx_word' id='word_1_130' title='bbox 398 2033 522 2099; x_wconf 90' lang='lat' dir='ltr'><strong>ciuibus</strong></span> <span class='ocrx_word' id='word_1_131' title='bbox 557 2052 594 2098; x_wconf 85' lang='lat' dir='ltr'><strong>ac</strong></span> <span class='ocrx_word' id='word_1_132' title='bbox 624 2032 857 2099; x_wconf 86' lang='lat' dir='ltr'><strong>habitatoribus</strong></span> <span class='ocrx_word' id='word_1_133' title='bbox 888 2034 986 2114; x_wconf 90' lang='lat' dir='ltr'><strong>illius,</strong></span> <span class='ocrx_word' id='word_1_134' title='bbox 1017 2033 1219 2115; x_wconf 89' lang='lat' dir='ltr'><strong>presentibus</strong></span> <span class='ocrx_word' id='word_1_135' title='bbox 1249 2038 1283 2098; x_wconf 89' lang='lat' dir='ltr'><strong>et</strong></span> <span class='ocrx_word' id='word_1_136' title='bbox 1311 2031 1439 2112; x_wconf 85' lang='lat' dir='ltr'><strong>futuris,</strong></span> <span class='ocrx_word' id='word_1_137' title='bbox 1471 2034 1498 2095; x_wconf 91' lang='lat' dir='ltr'><strong>in</strong></span> 
     </span>
     <span class='ocr_line' id='line_1_16' title="bbox 211 2145 1502 2228; baseline -0.005 -14"><span class='ocrx_word' id='word_1_138' title='bbox 211 2147 359 2214; x_wconf 88' lang='lat' dir='ltr'><strong>omnibns</strong></span> <span class='ocrx_word' id='word_1_139' title='bbox 389 2165 499 2211; x_wconf 90' lang='lat' dir='ltr'><strong>earum</strong></span> <span class='ocrx_word' id='word_1_140' title='bbox 529 2146 665 2228; x_wconf 86' lang='lat' dir='ltr'><strong>punctis,</strong></span> <span class='ocrx_word' id='word_1_141' title='bbox 701 2146 855 2227; x_wconf 82' lang='lat' dir='ltr'><strong>articulis,</strong></span> <span class='ocrx_word' id='word_1_142' title='bbox 886 2146 1049 2225; x_wconf 87' lang='lat' dir='ltr'><strong>clausulis,</strong></span> <span class='ocrx_word' id='word_1_143' title='bbox 1082 2145 1246 2211; x_wconf 90' lang='lat' dir='ltr'><strong>tenoribus</strong></span> <span class='ocrx_word' id='word_1_144' title='bbox 1277 2149 1311 2210; x_wconf 90' lang='lat' dir='ltr'><strong>et</strong></span> <span class='ocrx_word' id='word_1_145' title='bbox 1337 2145 1502 2211; x_wconf 88' lang='lat' dir='ltr'><strong>sentenciis</strong></span> 
     </span>
     <span class='ocr_line' id='line_1_17' title="bbox 210 2255 1502 2340; baseline -0.003 -15"><span class='ocrx_word' id='word_1_146' title='bbox 210 2261 410 2338; x_wconf 81' lang='lat' dir='ltr'><strong>inponamus,</strong></span> <span class='ocrx_word' id='word_1_147' title='bbox 427 2258 649 2339; x_wconf 89' lang='lat' dir='ltr'><strong>approbamus,</strong></span> <span class='ocrx_word' id='word_1_148' title='bbox 676 2255 870 2324; x_wconf 87' lang='lat' dir='ltr'><strong>ratificamus</strong></span> <span class='ocrx_word' id='word_1_149' title='bbox 893 2263 927 2322; x_wconf 88' lang='lat' dir='ltr'><strong>et</strong></span> <span class='ocrx_word' id='word_1_150' title='bbox 941 2258 1100 2340; x_wconf 89' lang='lat' dir='ltr'><strong>presentis</strong></span> <span class='ocrx_word' id='word_1_151' title='bbox 1117 2256 1230 2339; x_wconf 88' lang='lat' dir='ltr'><strong>scripti</strong></span> <span class='ocrx_word' id='word_1_152' title='bbox 1244 2258 1424 2337; x_wconf 88' lang='lat' dir='ltr'><strong>patrocinio</strong></span> <span class='ocrx_word' id='word_1_153' title='bbox 1438 2276 1502 2338; x_wconf 86' lang='lat' dir='ltr'><strong>gra·</strong></span> 
     </span>
     <span class='ocr_line' id='line_1_18' title="bbox 210 2368 1503 2452; baseline -0.005 -14"><span class='ocrx_word' id='word_1_154' title='bbox 210 2373 296 2438; x_wconf 90' lang='lat' dir='ltr'><strong>ciose</strong></span> <span class='ocrx_word' id='word_1_155' title='bbox 319 2368 551 2449; x_wconf 88' lang='lat' dir='ltr'><strong>confirmamus,</strong></span> <span class='ocrx_word' id='word_1_156' title='bbox 575 2370 783 2436; x_wconf 83' lang='lat' dir='ltr'><strong>decernentes</strong></span> <span class='ocrx_word' id='word_1_157' title='bbox 798 2375 831 2436; x_wconf 92' lang='lat' dir='ltr'><strong>ot</strong></span> <span class='ocrx_word' id='word_1_158' title='bbox 846 2370 906 2436; x_wconf 92' lang='lat' dir='ltr'><strong>boc</strong></span> <span class='ocrx_word' id='word_1_159' title='bbox 922 2371 1026 2436; x_wconf 89' lang='lat' dir='ltr'><strong>edicto</strong></span> <span class='ocrx_word' id='word_1_160' title='bbox 1045 2369 1135 2452; x_wconf 74' lang='lat' dir='ltr'><strong>regio</strong></span> <span class='ocrx_word' id='word_1_161' title='bbox 1157 2368 1292 2436; x_wconf 89' lang='lat' dir='ltr'><strong>firmiter</strong></span> <span class='ocrx_word' id='word_1_162' title='bbox 1313 2371 1503 2436; x_wconf 84' lang='lat' dir='ltr'><strong>sanctiontes</strong></span> 
     </span>
     <span class='ocr_line' id='line_1_19' title="bbox 211 2480 1502 2564; baseline -0.003 -13"><span class='ocrx_word' id='word_1_163' title='bbox 211 2486 318 2551; x_wconf 90' lang='lat' dir='ltr'><strong>omnia</strong></span> <span class='ocrx_word' id='word_1_164' title='bbox 340 2489 372 2549; x_wconf 90' lang='lat' dir='ltr'><strong>et</strong></span> <span class='ocrx_word' id='word_1_165' title='bbox 394 2482 521 2564; x_wconf 85' lang='lat' dir='ltr'><strong>singula</strong></span> <span class='ocrx_word' id='word_1_166' title='bbox 550 2483 583 2546; x_wconf 92' lang='lat' dir='ltr'><strong>in</strong></span> <span class='ocrx_word' id='word_1_167' title='bbox 614 2481 708 2547; x_wconf 92' lang='lat' dir='ltr'><strong>dictis</strong></span> <span class='ocrx_word' id='word_1_168' title='bbox 741 2480 860 2547; x_wconf 90' lang='lat' dir='ltr'><strong>litteris</strong></span> <span class='ocrx_word' id='word_1_169' title='bbox 889 2487 922 2546; x_wconf 91' lang='lat' dir='ltr'><strong>et</strong></span> <span class='ocrx_word' id='word_1_170' title='bbox 950 2481 1132 2563; x_wconf 82' lang='lat' dir='ltr'><strong>priuilegiis</strong></span> <span class='ocrx_word' id='word_1_171' title='bbox 1155 2485 1305 2546; x_wconf 84' lang='lat' dir='ltr'><strong>contenta</strong></span> <span class='ocrx_word' id='word_1_172' title='bbox 1327 2480 1502 2547; x_wconf 79' lang='lat' dir='ltr'><strong>firmitatem</strong></span> 
     </span>
     <span class='ocr_line' id='line_1_20' title="bbox 135 2592 1503 2678; baseline -0.004 -17"><span class='ocrx_word' id='word_1_173' title='bbox 135 2637 139 2643; x_wconf 89' lang='lat'><em>·</em></span> <span class='ocrx_word' id='word_1_174' title='bbox 210 2597 335 2663; x_wconf 87' lang='lat' dir='ltr'><strong>roboris</strong></span> <span class='ocrx_word' id='word_1_175' title='bbox 349 2594 496 2678; x_wconf 89' lang='lat' dir='ltr'><strong>perpetui</strong></span> <span class='ocrx_word' id='word_1_176' title='bbox 512 2593 743 2659; x_wconf 82' lang='lat' dir='ltr'><strong>inuiolabiliter</strong></span> <span class='ocrx_word' id='word_1_177' title='bbox 758 2594 912 2674; x_wconf 88' lang='lat' dir='ltr'><strong>obtinere,</strong></span> <span class='ocrx_word' id='word_1_178' title='bbox 936 2592 1121 2675; x_wconf 86' lang='lat' dir='ltr'><strong>supplentes</strong></span> <span class='ocrx_word' id='word_1_179' title='bbox 1137 2594 1239 2659; x_wconf 87' lang='lat' dir='ltr'><strong>eciam</strong></span> <span class='ocrx_word' id='word_1_180' title='bbox 1254 2594 1295 2659; x_wconf 92' lang='lat' dir='ltr'><strong>de</strong></span> <span class='ocrx_word' id='word_1_181' title='bbox 1310 2594 1503 2675; x_wconf 86' lang='lat' dir='ltr'><strong>plenitudiue</strong></span> 
     </span>
     <span class='ocr_line' id='line_1_21' title="bbox 211 2705 1503 2789; baseline -0.001 -17"><span class='ocrx_word' id='word_1_182' title='bbox 211 2710 299 2789; x_wconf 81' lang='lat' dir='ltr'><strong>regie</strong></span> <span class='ocrx_word' id='word_1_183' title='bbox 313 2707 481 2789; x_wconf 85' lang='lat' dir='ltr'><strong>potestatis</strong></span> <span class='ocrx_word' id='word_1_184' title='bbox 496 2724 622 2771; x_wconf 90' lang='lat' dir='ltr'><strong>omnem</strong></span> <span class='ocrx_word' id='word_1_185' title='bbox 637 2705 805 2785; x_wconf 86' lang='lat' dir='ltr'><strong>delectum,</strong></span> <span class='ocrx_word' id='word_1_186' title='bbox 830 2706 884 2788; x_wconf 91' lang='lat' dir='ltr'><strong>qui</strong></span> <span class='ocrx_word' id='word_1_187' title='bbox 900 2705 934 2770; x_wconf 92' lang='lat' dir='ltr'><strong>in</strong></span> <span class='ocrx_word' id='word_1_188' title='bbox 953 2710 1108 2788; x_wconf 90' lang='lat' dir='ltr'><strong>conceptu</strong></span> <span class='ocrx_word' id='word_1_189' title='bbox 1121 2706 1292 2771; x_wconf 81' lang='lat' dir='ltr'><strong>verborum</strong></span> <span class='ocrx_word' id='word_1_190' title='bbox 1311 2713 1370 2772; x_wconf 88' lang='lat' dir='ltr'><strong>aut</strong></span> <span class='ocrx_word' id='word_1_191' title='bbox 1384 2713 1503 2772; x_wconf 84' lang='lat' dir='ltr'><strong>senten·</strong></span> 
     </span>
     <span class='ocr_line' id='line_1_22' title="bbox 213 2817 1503 2901; baseline -0.002 -17"><span class='ocrx_word' id='word_1_192' title='bbox 213 2821 332 2885; x_wconf 88' lang='lat' dir='ltr'><strong>ciarum</strong></span> <span class='ocrx_word' id='word_1_193' title='bbox 347 2821 410 2886; x_wconf 93' lang='lat' dir='ltr'><strong>biis</strong></span> <span class='ocrx_word' id='word_1_194' title='bbox 426 2819 544 2885; x_wconf 89' lang='lat' dir='ltr'><strong>nostris</strong></span> <span class='ocrx_word' id='word_1_195' title='bbox 567 2818 683 2884; x_wconf 85' lang='lat' dir='ltr'><strong>litteris</strong></span> <span class='ocrx_word' id='word_1_196' title='bbox 706 2818 992 2901; x_wconf 89' lang='lat' dir='ltr'><strong>quomodocunque</strong></span> <span class='ocrx_word' id='word_1_197' title='bbox 1015 2817 1172 2884; x_wconf 88' lang='lat' dir='ltr'><strong>obsistere</strong></span> <span class='ocrx_word' id='word_1_198' title='bbox 1189 2818 1302 2899; x_wconf 83' lang='lat' dir='ltr'><strong>possit</strong></span> <span class='ocrx_word' id='word_1_199' title='bbox 1328 2817 1420 2884; x_wconf 87' lang='lat' dir='ltr'><strong>Nulli</strong></span> <span class='ocrx_word' id='word_1_200' title='bbox 1434 2834 1503 2900; x_wconf 84' lang='lat' dir='ltr'><strong>ergo</strong></span> 
     </span>
     <span class='ocr_line' id='line_1_23' title="bbox 212 2930 1503 3014; baseline -0.004 -17"><span class='ocrx_word' id='word_1_201' title='bbox 212 2934 307 2999; x_wconf 88' lang='lat' dir='ltr'><strong>liceat</strong></span> <span class='ocrx_word' id='word_1_202' title='bbox 328 2933 410 2998; x_wconf 89' lang='lat' dir='ltr'><strong>banc</strong></span> <span class='ocrx_word' id='word_1_203' title='bbox 431 2931 582 3014; x_wconf 85' lang='lat' dir='ltr'><strong>paginam</strong></span> <span class='ocrx_word' id='word_1_204' title='bbox 604 2937 785 2996; x_wconf 84' lang='lat' dir='ltr'><strong>nostrarum</strong></span> <span class='ocrx_word' id='word_1_205' title='bbox 801 2930 1065 3010; x_wconf 84' lang='lat' dir='ltr'><strong>confirmacionis,</strong></span> <span class='ocrx_word' id='word_1_206' title='bbox 1088 2930 1319 3010; x_wconf 86' lang='lat' dir='ltr'><strong>innouacionis,</strong></span> <span class='ocrx_word' id='word_1_207' title='bbox 1344 2931 1503 2996; x_wconf 81' lang='lat' dir='ltr'><strong>ratificaci-</strong></span> 
     </span>
     <span class='ocr_line' id='line_1_24' title="bbox 212 3042 1505 3127; baseline -0.006 -15"><span class='ocrx_word' id='word_1_208' title='bbox 212 3048 292 3126; x_wconf 83' lang='lat' dir='ltr'><strong>onis,</strong></span> <span class='ocrx_word' id='word_1_209' title='bbox 316 3044 447 3124; x_wconf 86' lang='lat' dir='ltr'><strong>decreti,</strong></span> <span class='ocrx_word' id='word_1_210' title='bbox 478 3044 684 3109; x_wconf 91' lang='lat' dir='ltr'><strong>inbibicionis</strong></span> <span class='ocrx_word' id='word_1_211' title='bbox 705 3048 739 3108; x_wconf 90' lang='lat' dir='ltr'><strong>et</strong></span> <span class='ocrx_word' id='word_1_212' title='bbox 760 3043 901 3108; x_wconf 86' lang='lat' dir='ltr'><strong>mandati</strong></span> <span class='ocrx_word' id='word_1_213' title='bbox 928 3042 1102 3125; x_wconf 86' lang='lat' dir='ltr'><strong>infringere</strong></span> <span class='ocrx_word' id='word_1_214' title='bbox 1131 3042 1182 3108; x_wconf 81' lang='lat' dir='ltr'><strong>vol</strong></span> <span class='ocrx_word' id='word_1_215' title='bbox 1205 3043 1341 3107; x_wconf 64' lang='lat' dir='ltr'><strong>ei‘ausu</strong></span> <span class='ocrx_word' id='word_1_216' title='bbox 1369 3044 1505 3127; x_wconf 89' lang='lat' dir='ltr'><strong>quolibet</strong></span> 
     </span>
     <span class='ocr_line' id='line_1_25' title="bbox 211 3155 1505 3239; baseline -0.004 -14"><span class='ocrx_word' id='word_1_217' title='bbox 211 3158 381 3226; x_wconf 88' lang='lat' dir='ltr'><strong>temerario</strong></span> <span class='ocrx_word' id='word_1_218' title='bbox 404 3158 572 3223; x_wconf 84' lang='lat' dir='ltr'><strong>contraire.</strong></span> <span class='ocrx_word' id='word_1_219' title='bbox 596 3155 630 3221; x_wconf 87' lang='lat' dir='ltr'><strong>Si</strong></span> <span class='ocrx_word' id='word_1_220' title='bbox 653 3157 726 3239; x_wconf 93' lang='lat' dir='ltr'><strong>quis</strong></span> <span class='ocrx_word' id='word_1_221' title='bbox 742 3160 848 3222; x_wconf 90' lang='lat' dir='ltr'><strong>autem</strong></span> <span class='ocrx_word' id='word_1_222' title='bbox 864 3157 1057 3221; x_wconf 89' lang='lat' dir='ltr'><strong>contrarium</strong></span> <span class='ocrx_word' id='word_1_223' title='bbox 1072 3155 1184 3220; x_wconf 85' lang='lat' dir='ltr'><strong>fecerit</strong></span> <span class='ocrx_word' id='word_1_224' title='bbox 1199 3161 1233 3220; x_wconf 89' lang='lat' dir='ltr'><strong>et</strong></span> <span class='ocrx_word' id='word_1_225' title='bbox 1247 3155 1352 3220; x_wconf 88' lang='lat' dir='ltr'><strong>dictos</strong></span> <span class='ocrx_word' id='word_1_226' title='bbox 1368 3157 1455 3223; x_wconf 89' lang='lat' dir='ltr'><strong>ciues</strong></span> <span class='ocrx_word' id='word_1_227' title='bbox 1474 3156 1505 3220; x_wconf 92' lang='lat' dir='ltr'><strong>iu</strong></span> 
     </span>
     <span class='ocr_line' id='line_1_26' title="bbox 212 3268 1505 3352; baseline -0.006 -13"><span class='ocrx_word' id='word_1_228' title='bbox 212 3292 322 3339; x_wconf 88' lang='lat' dir='ltr'><strong>eorum</strong></span> <span class='ocrx_word' id='word_1_229' title='bbox 343 3270 546 3336; x_wconf 82' lang='lat' dir='ltr'><strong>libertatibus</strong></span> <span class='ocrx_word' id='word_1_230' title='bbox 568 3268 757 3351; x_wconf 83' lang='lat' dir='ltr'><strong>inquietare,</strong></span> <span class='ocrx_word' id='word_1_231' title='bbox 781 3269 937 3350; x_wconf 87' lang='lat' dir='ltr'><strong>impedire</strong></span> <span class='ocrx_word' id='word_1_232' title='bbox 956 3274 1013 3333; x_wconf 90' lang='lat' dir='ltr'><strong>aut</strong></span> <span class='ocrx_word' id='word_1_233' title='bbox 1026 3268 1265 3352; x_wconf 88' lang='lat' dir='ltr'><strong>quomodolibet</strong></span> <span class='ocrx_word' id='word_1_234' title='bbox 1285 3268 1419 3335; x_wconf 81' lang='lat' dir='ltr'><strong>turbare</strong></span> <span class='ocrx_word' id='word_1_235' title='bbox 1439 3284 1505 3350; x_wconf 80' lang='lat' dir='ltr'><strong>pre·</strong></span> 
     </span>
     <span class='ocr_line' id='line_1_27' title="bbox 212 3380 1504 3467; baseline -0.008 -16"><span class='ocrx_word' id='word_1_236' title='bbox 212 3383 394 3467; x_wconf 89' lang='lat' dir='ltr'><strong>sumpserit,</strong></span> <span class='ocrx_word' id='word_1_237' title='bbox 410 3382 494 3448; x_wconf 88' lang='lat' dir='ltr'><strong>vltra</strong></span> <span class='ocrx_word' id='word_1_238' title='bbox 503 3399 603 3464; x_wconf 87' lang='lat' dir='ltr'><strong>penas</strong></span> <span class='ocrx_word' id='word_1_239' title='bbox 619 3381 653 3446; x_wconf 93' lang='lat' dir='ltr'><strong>in</strong></span> <span class='ocrx_word' id='word_1_240' title='bbox 666 3381 886 3464; x_wconf 87' lang='lat' dir='ltr'><strong>superioribus</strong></span> <span class='ocrx_word' id='word_1_241' title='bbox 897 3381 1160 3462; x_wconf 89' lang='lat' dir='ltr'><strong>predecessorum</strong></span> <span class='ocrx_word' id='word_1_242' title='bbox 1170 3385 1354 3446; x_wconf 87' lang='lat' dir='ltr'><strong>nostrorum</strong></span> <span class='ocrx_word' id='word_1_243' title='bbox 1369 3380 1504 3446; x_wconf 81' lang='lat' dir='ltr'><strong>extensis</strong></span> 
     </span>
     <span class='ocr_line' id='line_1_28' title="bbox 211 3493 1504 3582; baseline -0.005 -18"><span class='ocrx_word' id='word_1_244' title='bbox 211 3496 391 3582; x_wconf 88' lang='lat' dir='ltr'><strong>priuilegiis</strong></span> <span class='ocrx_word' id='word_1_245' title='bbox 407 3500 582 3575; x_wconf 88' lang='lat' dir='ltr'><strong>contentas,</strong></span> <span class='ocrx_word' id='word_1_246' title='bbox 598 3513 678 3577; x_wconf 88' lang='lat' dir='ltr'><strong>quas</strong></span> <span class='ocrx_word' id='word_1_247' title='bbox 693 3493 801 3559; x_wconf 87' lang='lat' dir='ltr'><strong>firmas</strong></span> <span class='ocrx_word' id='word_1_248' title='bbox 815 3511 887 3559; x_wconf 89' lang='lat' dir='ltr'><strong>esse</strong></span> <span class='ocrx_word' id='word_1_249' title='bbox 903 3493 1060 3572; x_wconf 91' lang='lat' dir='ltr'><strong>volumus,</strong></span> <span class='ocrx_word' id='word_1_250' title='bbox 1080 3511 1196 3575; x_wconf 89' lang='lat' dir='ltr'><strong>penam</strong></span> <span class='ocrx_word' id='word_1_251' title='bbox 1211 3496 1320 3557; x_wconf 89' lang='lat' dir='ltr'><strong>nostro</strong></span> <span class='ocrx_word' id='word_1_252' title='bbox 1336 3499 1371 3558; x_wconf 91' lang='lat' dir='ltr'><strong>et</strong></span> <span class='ocrx_word' id='word_1_253' title='bbox 1385 3508 1504 3558; x_wconf 82' lang='lat' dir='ltr'><strong>succes·</strong></span> 
     </span>
     <span class='ocr_line' id='line_1_29' title="bbox 212 3605 1503 3689; baseline -0.005 -12"><span class='ocrx_word' id='word_1_254' title='bbox 212 3629 321 3678; x_wconf 88' lang='lat' dir='ltr'><strong>sorum</strong></span> <span class='ocrx_word' id='word_1_255' title='bbox 342 3614 525 3675; x_wconf 88' lang='lat' dir='ltr'><strong>nostrorum</strong></span> <span class='ocrx_word' id='word_1_256' title='bbox 548 3607 680 3673; x_wconf 90' lang='lat' dir='ltr'><strong>arbitrio</strong></span> <span class='ocrx_word' id='word_1_257' title='bbox 703 3607 907 3689; x_wconf 86' lang='lat' dir='ltr'><strong>infligendam</strong></span> <span class='ocrx_word' id='word_1_258' title='bbox 930 3609 963 3670; x_wconf 91' lang='lat' dir='ltr'><strong>et</strong></span> <span class='ocrx_word' id='word_1_259' title='bbox 983 3605 1250 3671; x_wconf 85' lang='lat' dir='ltr'><strong>irremissibiliter</strong></span> <span class='ocrx_word' id='word_1_260' title='bbox 1263 3605 1503 3686; x_wconf 82' lang='lat' dir='ltr'><strong>persoluendnm</strong></span> 
     </span>
     <span class='ocr_line' id='line_1_30' title="bbox 212 3717 1505 3803; baseline -0.005 -15"><span class='ocrx_word' id='word_1_261' title='bbox 212 3743 247 3789; x_wconf 89' lang='lat' dir='ltr'><strong>se</strong></span> <span class='ocrx_word' id='word_1_262' title='bbox 270 3723 398 3787; x_wconf 89' lang='lat' dir='ltr'><strong>nouerit</strong></span> <span class='ocrx_word' id='word_1_263' title='bbox 419 3720 632 3786; x_wconf 84' lang='lat' dir='ltr'><strong>incursurum.</strong></span> <span class='ocrx_word' id='word_1_264' title='bbox 673 3720 710 3784; x_wconf 91' lang='lat' dir='ltr'><strong>In</strong></span> <span class='ocrx_word' id='word_1_265' title='bbox 733 3739 867 3803; x_wconf 87' lang='lat' dir='ltr'><strong>qnorum</strong></span> <span class='ocrx_word' id='word_1_266' title='bbox 890 3719 985 3785; x_wconf 88' lang='lat' dir='ltr'><strong>fidem</strong></span> <span class='ocrx_word' id='word_1_267' title='bbox 1007 3719 1065 3784; x_wconf 90' lang='lat' dir='ltr'><strong>bas</strong></span> <span class='ocrx_word' id='word_1_268' title='bbox 1088 3724 1215 3783; x_wconf 86' lang='lat' dir='ltr'><strong>nostras</strong></span> <span class='ocrx_word' id='word_1_269' title='bbox 1236 3717 1364 3782; x_wconf 87' lang='lat' dir='ltr'><strong>litteras</strong></span> <span class='ocrx_word' id='word_1_270' title='bbox 1385 3717 1455 3783; x_wconf 86' lang='lat' dir='ltr'><strong>fieri</strong></span> <span class='ocrx_word' id='word_1_271' title='bbox 1475 3721 1505 3781; x_wconf 84' lang='lat' dir='ltr'><strong>et</strong></span> 
     </span>
     <span class='ocr_line' id='line_1_31' title="bbox 212 3830 1505 3917; baseline -0.004 -16"><span class='ocrx_word' id='word_1_272' title='bbox 212 3835 313 3917; x_wconf 82' lang='lat' dir='ltr'><strong>sigilli</strong></span> <span class='ocrx_word' id='word_1_273' title='bbox 336 3832 437 3898; x_wconf 91' lang='lat' dir='ltr'><strong>nostri</strong></span> <span class='ocrx_word' id='word_1_274' title='bbox 459 3834 541 3915; x_wconf 87' lang='lat' dir='ltr'><strong>regii</strong></span> <span class='ocrx_word' id='word_1_275' title='bbox 563 3833 716 3897; x_wconf 90' lang='lat' dir='ltr'><strong>iussimus</strong></span> <span class='ocrx_word' id='word_1_276' title='bbox 739 3834 935 3915; x_wconf 91' lang='lat' dir='ltr'><strong>appensione</strong></span> <span class='ocrx_word' id='word_1_277' title='bbox 957 3832 1085 3897; x_wconf 91' lang='lat' dir='ltr'><strong>muniri.</strong></span> <span class='ocrx_word' id='word_1_278' title='bbox 1115 3831 1234 3896; x_wconf 86' lang='lat' dir='ltr'><strong>Datum</strong></span> <span class='ocrx_word' id='word_1_279' title='bbox 1255 3830 1359 3912; x_wconf 85' lang='lat' dir='ltr'><strong>Prage</strong></span> <span class='ocrx_word' id='word_1_280' title='bbox 1382 3830 1435 3896; x_wconf 87' lang='lat' dir='ltr'><strong>die</strong></span> <span class='ocrx_word' id='word_1_281' title='bbox 1455 3842 1505 3912; x_wconf 74' lang='lat' dir='ltr'><strong>pe</strong></span> 
     </span>
     <span class='ocr_line' id='line_1_32' title="bbox 213 3943 1506 4026; baseline -0.005 -15"><span class='ocrx_word' id='word_1_282' title='bbox 213 3948 349 4013; x_wconf 89' lang='lat' dir='ltr'><strong>nultima</strong></span> <span class='ocrx_word' id='word_1_283' title='bbox 370 3944 492 4026; x_wconf 83' lang='lat' dir='ltr'><strong>Aprilis</strong></span> <span class='ocrx_word' id='word_1_284' title='bbox 522 3964 604 4011; x_wconf 90' lang='lat' dir='ltr'><strong>anno</strong></span> <span class='ocrx_word' id='word_1_285' title='bbox 635 3945 755 4010; x_wconf 91' lang='lat' dir='ltr'><strong>domini</strong></span> <span class='ocrx_word' id='word_1_286' title='bbox 778 3943 949 4010; x_wconf 90' lang='lat' dir='ltr'><strong>millesimo</strong></span> <span class='ocrx_word' id='word_1_287' title='bbox 973 3944 1286 4026; x_wconf 87' lang='lat' dir='ltr'><strong>quadringentesimo</strong></span> <span class='ocrx_word' id='word_1_288' title='bbox 1310 3943 1506 4026; x_wconf 85' lang='lat' dir='ltr'><strong>sexagesimo</strong></span> 
     </span>
     <span class='ocr_line' id='line_1_33' title="bbox 215 4057 805 4140; baseline 0 -17"><span class='ocrx_word' id='word_1_289' title='bbox 215 4060 327 4140; x_wconf 89' lang='lat' dir='ltr'><strong>primo,</strong></span> <span class='ocrx_word' id='word_1_290' title='bbox 351 4059 442 4139; x_wconf 88' lang='lat' dir='ltr'><strong>regni</strong></span> <span class='ocrx_word' id='word_1_291' title='bbox 465 4057 566 4122; x_wconf 87' lang='lat' dir='ltr'><strong>nostri</strong></span> <span class='ocrx_word' id='word_1_292' title='bbox 589 4075 672 4122; x_wconf 87' lang='lat' dir='ltr'><strong>anno</strong></span> <span class='ocrx_word' id='word_1_293' title='bbox 695 4058 805 4123; x_wconf 86' lang='lat' dir='ltr'><strong>tercio.</strong></span> 
     </span>
     <span class='ocr_line' id='line_1_34' title="bbox 318 4169 823 4250; baseline -0.004 -15"><span class='ocrx_word' id='word_1_294' title='bbox 318 4171 367 4235; x_wconf 87' lang='lat' dir='ltr'><strong>Ad</strong></span> <span class='ocrx_word' id='word_1_295' title='bbox 389 4171 572 4235; x_wconf 88' lang='lat' dir='ltr'><strong>mandatnm</strong></span> <span class='ocrx_word' id='word_1_296' title='bbox 595 4170 715 4233; x_wconf 92' lang='lat' dir='ltr'><strong>domini</strong></span> <span class='ocrx_word' id='word_1_297' title='bbox 738 4169 823 4250; x_wconf 82' lang='lat' dir='ltr'><strong>regis</strong></span> 
     </span>
     <span class='ocr_line' id='line_1_35' title="bbox 720 4278 1467 4364; baseline 0 -18"><span class='ocrx_word' id='word_1_298' title='bbox 720 4283 893 4364; x_wconf 89' lang='lat' dir='ltr'><strong>Procopius</strong></span> <span class='ocrx_word' id='word_1_299' title='bbox 916 4283 956 4347; x_wconf 92' lang='lat' dir='ltr'><strong>de</strong></span> <span class='ocrx_word' id='word_1_300' title='bbox 977 4281 1182 4359; x_wconf 87' lang='lat' dir='ltr'><strong>Rabenstein,</strong></span> <span class='ocrx_word' id='word_1_301' title='bbox 1206 4279 1419 4345; x_wconf 89' lang='lat' dir='ltr'><strong>cancellarius</strong></span> <span class='ocrx_word' id='word_1_302' title='bbox 1429 4278 1467 4359; x_wconf 86' lang='lat'><strong>⁴).</strong></span> 
     </span>
    </p>
   </div>
   <div class='ocr_carea' id='block_1_3' title="bbox 215 4433 1510 4601">
    <p class='ocr_par' dir='ltr' id='par_1_3' title="bbox 215 4433 1510 4601">
     <span class='ocr_line' id='line_1_36' title="bbox 319 4433 1508 4506; baseline 0.001 -20"><span class='ocrx_word' id='word_1_303' title='bbox 319 4433 409 4488; x_wconf 83' lang='lat' dir='ltr'><strong>Kmba</strong></span> <span class='ocrx_word' id='word_1_304' title='bbox 433 4437 566 4505; x_wconf 78' lang='lat' dir='ltr'><strong>privilegii</strong></span> <span class='ocrx_word' id='word_1_305' title='bbox 583 4436 818 4506; x_wconf 68' lang='lat' dir='ltr'><strong>Novomdstskycb</strong></span> <span class='ocrx_word' id='word_1_306' title='bbox 842 4454 857 4489; x_wconf 84' lang='lat' dir='ltr'><strong>a</strong></span> <span class='ocrx_word' id='word_1_307' title='bbox 876 4435 933 4490; x_wconf 85' lang='lat' dir='ltr'><strong>XV.</strong></span> <span class='ocrx_word' id='word_1_308' title='bbox 953 4436 1045 4490; x_wconf 85' lang='lat' dir='ltr'><strong>stoletl</strong></span> <span class='ocrx_word' id='word_1_309' title='bbox 1063 4438 1085 4489; x_wconf 81' lang='lat' dir='ltr'><strong>d.</strong></span> <span class='ocrx_word' id='word_1_310' title='bbox 1105 4441 1152 4489; x_wconf 84' lang='lat'><strong>331</strong></span> <span class='ocrx_word' id='word_1_311' title='bbox 1173 4437 1219 4501; x_wconf 78' lang='lat' dir='ltr'><strong>(A)</strong></span> <span class='ocrx_word' id='word_1_312' title='bbox 1240 4440 1288 4488; x_wconf 87' lang='lat' dir='ltr'><strong>str.</strong></span> <span class='ocrx_word' id='word_1_313' title='bbox 1307 4441 1340 4488; x_wconf 78' lang='lat'><strong>22</strong></span> <span class='ocrx_word' id='word_1_314' title='bbox 1365 4451 1383 4488; x_wconf 84' lang='lat' dir='ltr'><strong>r</strong></span> <span class='ocrx_word' id='word_1_315' title='bbox 1400 4436 1508 4491; x_wconf 84' lang='lat' dir='ltr'><strong>archiru</strong></span> 
     </span>
     <span class='ocr_line' id='line_1_37' title="bbox 215 4527 1510 4601; baseline 0.002 -19"><span class='ocrx_word' id='word_1_316' title='bbox 215 4546 250 4583; x_wconf 90' lang='lat' dir='ltr'><strong>m.</strong></span> <span class='ocrx_word' id='word_1_317' title='bbox 267 4527 358 4598; x_wconf 86' lang='lat' dir='ltr'><strong>Prahy</strong></span> <span class='ocrx_word' id='word_1_318' title='bbox 376 4543 393 4582; x_wconf 84' lang='lat' dir='ltr'><strong>a</strong></span> <span class='ocrx_word' id='word_1_319' title='bbox 414 4527 578 4586; x_wconf 84' lang='lat' dir='ltr'><strong>konlirmace</strong></span> <span class='ocrx_word' id='word_1_320' title='bbox 597 4530 730 4600; x_wconf 80' lang='lat' dir='ltr'><strong>privilegii</strong></span> <span class='ocrx_word' id='word_1_321' title='bbox 740 4530 976 4601; x_wconf 68' lang='lat' dir='ltr'><strong>Novomdstslrych</strong></span> <span class='ocrx_word' id='word_1_322' title='bbox 992 4530 1079 4584; x_wconf 79' lang='lat' dir='ltr'><strong>eisaie</strong></span> <span class='ocrx_word' id='word_1_323' title='bbox 1097 4529 1270 4584; x_wconf 87' lang='lat' dir='ltr'><strong>Ferdinanda</strong></span> <span class='ocrx_word' id='word_1_324' title='bbox 1287 4530 1335 4586; x_wconf 88' lang='lat'>111.</span> <span class='ocrx_word' id='word_1_325' title='bbox 1354 4528 1380 4586; x_wconf 88' lang='lat' dir='ltr'><strong>d.</strong></span> <span class='ocrx_word' id='word_1_326' title='bbox 1399 4548 1416 4584; x_wconf 88' lang='lat' dir='ltr'><strong>r</strong></span> <span class='ocrx_word' id='word_1_327' title='bbox 1434 4531 1510 4585; x_wconf 77' lang='lat' dir='ltr'><strong>Prei-</strong></span> 
     </span>
    </p>
   </div>
   <div class='ocr_carea' id='block_1_4' title="bbox 0 0 1557 5370">
    <p class='ocr_par' dir='ltr' id='par_1_4' title="bbox 0 0 1557 5370">
     <span class='ocr_line' id='line_1_38' title="bbox 0 0 1557 5370; baseline 0 0"><span class='ocrx_word' id='word_1_328' title='bbox 0 0 1557 5370; x_wconf 95' lang='lat' dir='ltr'><strong> </strong></span> 
     </span>
    </p>
   </div>
  </div>
 </body>
</html>
