3068 5160
702 378 776 427 tata.

669 561 733 647 Cis.
757 583 810 647 69.

467 769 572 838 1359.
607 772 664 839 26.
686 770 840 839 bienna.
876 770 1010 856 oochy.

97 957 181 1023 tear
209 958 311 1023 Karel
339 960 516 1048 oacobozaje
548 963 684 1045 meltoay
713 983 735 1024 a
764 959 921 1047 obyoatele
951 965 1027 1026 mma
1047 960 1165 1048 Pruhy,
1202 933 1385 1044 Vmbriam,

97 1071 176 1157 lory
199 1071 308 1135 Kotor
326 1096 347 1136 a
369 1071 543 1138 &abacta
571 1073 613 1139 od
638 1074 766 1159 placeas
794 1072 929 1138 kuldffao
958 1072 1009 1138 cla
1037 1097 1072 1139 cc
1093 1072 1296 1162 Frankficrte
1318 1079 1386 1144 aad

97 1184 254 1248 bahanem
275 1208 296 1248 a
314 1186 480 1268 pociundi
497 1186 543 1251 clo
566 1196 627 1252 toto
651 1186 721 1272 hylo
736 1186 778 1251 od
791 1185 985 1252 atocoddcao
1002 1184 1253 1270 pratuscmtotm
1267 1191 1386 1277 jc'atffcls

97 1296 261 1382 tradsky‘cb
293 1301 429 1361 monstri
457 1299 499 1363 od
527 1303 590 1364 o‘c's'e
617 1298 779 1385 zdor‘slpjclu,
809 1301 954 1385 mccccje
983 1319 1015 1363 aa
1043 1299 1192 1384 cykdzati
1222 1300 1385 1368 dris‘telrlm

97 1410 179 1473 abac
212 1413 350 1474 menstra
367 1412 443 1494 jioe'
464 1414 589 1497 pric‘jocy
616 1435 636 1475 o
657 1412 806 1476 coleredo
834 1410 1019 1476 calamna
1047 1411 1220 1477 belocus
1242 1390 1383 1480 &askeim

189 1595 227 1658 In
250 1595 379 1659 nomine
402 1599 511 1660 sancte
534 1601 567 1660 et
588 1595 753 1661 indiuidue
768 1595 935 1661 Trinitatis
959 1594 1098 1661 feliciter
1119 1614 1223 1662 amen.
1245 1594 1385 1663 Karalus

97 1713 219 1788 qmrtus
252 1707 363 1772 diuina
385 1707 513 1773 fauente
544 1708 719 1774 clemencia
739 1708 956 1774 Romanorum
984 1707 1159 1790 imperator
1180 1725 1308 1792 semper
1329 1728 1384 1775 au-

98 1824 199 1900 gustus
216 1825 249 1884 et
263 1819 396 1886 Boomie
411 1839 477 1887 rex.
501 1821 551 1885 Ad
573 1827 760 1904 perpetuam
781 1820 830 1886 rei
843 1818 1040 1886 memoriam.
1062 1818 1151 1885 'limo
1165 1818 1283 1887 solium
1296 1822 1385 1904 prin·

100 1931 169 2013 cipis
191 1933 361 1998 sublimius
384 1933 540 2014 elocutor,
563 1941 639 2000 tunc
662 1933 695 1999 in
718 1932 833 1999 alienis
848 1930 1037 1998 nacionibus
1059 1931 1130 1997 eius
1152 1931 1256 2014 gloria
1277 1932 1384 2017 dignis

100 2041 234 2111 budibus
257 2044 404 2110 diffusius
427 2046 588 2125 dilatatur,
612 2045 739 2128 quando
762 2043 915 2110 subiectis
937 2043 1000 2110 sibi
1022 2042 1171 2110 fidelibus
1197 2045 1303 2111 studio
1326 2064 1384 2112 sue
1451 2060 1454 2064 ·

102 2157 212 2223 umutis
244 2176 305 2241 pax
336 2164 370 2223 ct
401 2158 619 2242 tranquillitas
652 2161 842 2240 procuratur
874 2161 909 2222 et
940 2173 1051 2221 eorum
1090 2156 1313 2239 indempnitati
1346 2177 1384 2224 ac

102 2271 337 2337 asenuitutibus
359 2277 392 2336 et
413 2271 553 2354 angariis
576 2269 774 2352 exempcioni
796 2268 958 2351 copiosius
986 2267 1183 2350 prouidetur.
1217 2268 1301 2335 Hinc
1323 2276 1381 2350 est

103 2383 172 2460 quod
203 2384 244 2448 ad
278 2384 426 2449 ciuitates
459 2389 585 2449 nostras
608 2383 801 2464 Pragensem
831 2386 865 2446 et
889 2378 1198 2461 Wratislauiensem,
1229 2398 1382 2448 necnon

105 2489 229 2561 llontem
250 2494 479 2561 Chuttncnscm
502 2501 536 2560 et
557 2494 688 2578 opidum
711 2493 896 2573 sulcebach,
920 2510 982 2575 que
1004 2497 1170 2557 eteorum
1193 2492 1321 2575 singula
1342 2493 1382 2560 de

102 2620 197 2688 regum
227 2627 265 2672 ac
287 2609 379 2689 regni
401 2607 503 2673 nostri
525 2607 657 2673 Boemic
679 2612 713 2672 et
733 2605 870 2689 insignis
902 2604 1046 2670 eiusdem
1076 2604 1168 2686 regni
1197 2623 1313 2673 corone
1336 2606 1382 2671 le·

103 2716 208 2795 gittimo
231 2725 353 2784 atvero
370 2720 510 2785 dominio
533 2726 567 2784 et
589 2719 774 2783 immediata
802 2717 999 2801 proprietate
1029 2717 1215 2799 consistere,
1238 2718 1381 2801 insignia

102 2847 210 2914 quoque
240 2851 361 2913 regum,
393 2832 484 2912 regni
505 2838 540 2897 et
562 2850 678 2896 corone
708 2831 882 2897 eorundem
908 2829 980 2895 loca
1001 2830 1140 2897 existere
1162 2831 1380 2911 dinoscuntur,

102 2945 295 3010 comideratis
329 2945 559 3026 multiplicibus
589 2944 689 3026 gratis
712 2949 746 3009 et
766 2943 907 3026 acceptis
930 2942 1104 3025 obsequiis,
1136 2944 1251 3027 quibus
1283 2944 1381 3024 ciues,

103 3051 189 3122 incole
209 3063 243 3122 et
265 3058 410 3123 homines
426 3057 600 3122 eorundem
616 3056 768 3135 locorum,
784 3054 895 3120 fideles
911 3054 1014 3119 nostri
1030 3053 1149 3134 dilecti,
1171 3061 1238 3121 toto
1255 3073 1382 3139 semper

101 3169 190 3235 sudio
218 3176 349 3252 totaque
381 3169 443 3234 fide
467 3174 500 3234 et
521 3169 694 3251 diligencia
723 3173 833 3233 nostro
868 3166 1000 3231 culmini
1022 3166 1204 3232 seruicrunt
1232 3185 1270 3232 ac
1291 3173 1381 3233 tene·
1495 3212 1498 3217 -

101 3273 202 3346 buntur
223 3288 257 3346 et
278 3287 428 3364 poterunt
450 3281 573 3346 seruire
602 3287 690 3346 tanto
713 3279 904 3361 propensius
927 3279 960 3343 in
983 3277 1134 3356 futurum,
1168 3285 1287 3359 quanto
1308 3297 1380 3360 gra·

101 3388 202 3458 ciosius
224 3394 390 3459 libertates
412 3413 523 3459 eorum
551 3400 584 3459 et
605 3391 843 3474 exempcionem
867 3390 990 3472 dignati
1013 3389 1169 3454 fuerimus
1191 3408 1379 3472 propagare,

103 3510 191 3570 nosne
222 3507 491 3572 consideracionis
522 3507 624 3571 aciem
656 3508 879 3571 conuertentes
909 3521 947 3566 ac
975 3501 1191 3585 predictarum
1213 3501 1379 3566 ciuitatum

101 3618 125 3676 et
141 3616 278 3683 locorum
301 3637 359 3684 seu
374 3637 484 3683 aarum
506 3624 540 3683 et
561 3637 671 3684 eorum
691 3613 863 3682 cuiuslibet
889 3613 1024 3694 ciuibus,
1048 3612 1171 3692 incolis,
1195 3612 1379 3678 hominibus

101 3732 126 3788 st
141 3730 403 3796 inhabitatoribus
427 3731 570 3795 volentes
600 3729 740 3811 graciam
763 3728 803 3793 de
826 3727 937 3791 innata
961 3725 1054 3791 nobis
1078 3724 1252 3790 clemencia
1274 3724 1379 3789 facere

102 3843 265 3924 curialem,
289 3844 329 3907 acl
352 3842 448 3907 finem
470 3844 631 3925 precipue,
655 3846 691 3906 ut
705 3841 816 3906 eedem
832 3838 979 3905 ciuitates
995 3843 1028 3903 et
1042 3837 1193 3902 locatam
1209 3854 1380 3902 numerosa

100 3955 271 4033 populorum
295 3954 499 4019 multitudine
522 3955 725 4036 amplientur,
748 3971 844 4035 quam
859 3969 966 4016 rerum
982 3949 1126 4015 ubertate
1141 3954 1175 4015 ct
1188 3948 1379 4015 diuiciarnm

99 4065 173 4145 copia
187 4067 404 4149 preditentur3
427 4067 468 4132 acl
487 4067 640 4131 honorem
656 4065 814 4149 siquidem
828 4062 1005 4128 maiestatis
1020 4067 1129 4126 nostre
1146 4061 1238 4142 regni
1252 4079 1380 4145 quoqne

97 4179 184 4244 nostri
205 4173 339 4246 Bocmie
363 4197 400 4243 ac
423 4179 560 4259 insignis
591 4179 661 4243 eius
685 4196 801 4242 corona
823 4175 931 4240 felicia
953 4175 1148 4240 incrementa
1170 4174 1277 4238 animo
1300 4173 1381 4239 deli·

97 4286 190 4357 bercto
213 4310 357 4374 sanoque
375 4292 555 4374 principum
583 4290 767 4369 electorum,
790 4295 856 4353 tam
872 4285 1162 4353 ecclesiasticorum
1178 4303 1274 4367 quarn
1289 4303 1381 4351 secu·

97 4405 205 4484 arium,
229 4404 423 4469 accendente
447 4403 581 4469 consilio
605 4408 638 4467 et
659 4420 810 4485 expresso
834 4417 992 4466 consensu
1022 4396 1184 4480 predictos
1207 4396 1304 4477 ciues,
1331 4399 1380 4463 in·

97 4515 174 4598 olas,
199 4517 347 4583 homines
369 4521 402 4580 et
424 4516 620 4582 habitatores
652 4515 818 4580 ciuitatum
841 4511 1013 4594 Pragcnsis
1038 4515 1072 4576 et
1092 4507 1378 4589 wratislauiensis,
