3068 5160
782 399 857 447 rael.

730 707 747 744 *
771 688 836 773 Cis.
860 708 911 773 24.

567 911 673 982 1334.
708 913 766 982 28.
790 929 919 998 srpna.
935 953 937 959 -
954 911 1069 980 Bruo.

167 1119 343 1184 Markrabd
360 1121 526 1205 moraoaky'
547 1119 648 1184 Korcl
663 1122 826 1206 potorzaje
848 1118 1004 1183 Meraiimu
1025 1121 1122 1182 mesta
1142 1116 1332 1182 Prabkesrra
1346 1118 1457 1204 ogjocdu

167 1257 211 1296 rra
226 1238 331 1316 prdvo
346 1233 465 1307 milooe‘,
489 1232 596 1297 lcteroa
619 1233 660 1296 od
681 1242 743 1297 olea
759 1232 834 1316 jabo
856 1228 997 1295 obdrldo
1018 1253 1034 1295 a
1048 1234 1105 1294 tim
1118 1229 1297 1308 abanan
1319 1235 1352 1296 Ie
1364 1229 1461 1314 kdoby

168 1345 245 1408 clatdl
258 1345 330 1408 mali
343 1343 442 1408 leolam
456 1347 552 1409 marta
566 1345 673 1408 krdmu
686 1345 828 1419 zaraziti,
850 1347 933 1408 masi
943 1347 1046 1426 prdoo
1061 1345 1114 1407 soc‘
1121 1341 1279 1406 labrinamr'
1284 1343 1461 1428 prokdwb'.

271 1553 410 1618 Karolus
433 1553 553 1619 domini
575 1553 678 1619 nostri
699 1554 786 1636 regis
811 1553 943 1618 Boemie
965 1552 1206 1635 primogenitus,
1229 1552 1372 1618 marchio
1397 1552 1465 1618 blo-

168 1666 268 1731 rauie.
314 1667 363 1731 Ad
384 1667 607 1732 uniuersorum
637 1667 788 1732 noticiam
816 1671 927 1732 tenore
958 1667 1158 1748 presencium
1179 1663 1328 1729 volumus
1354 1683 1466 1748 perne

168 1780 248 1858 nire,
275 1780 361 1862 quod
376 1780 417 1844 ad
443 1786 584 1845 nostram
606 1779 794 1845 accedentes
809 1778 1008 1861 presenciam
1035 1780 1207 1861 prudentes
1229 1778 1292 1844 viri
1314 1777 1469 1861 magister

170 1891 289 1956 ciuium
312 1898 345 1957 et
367 1892 430 1984 duo
452 1892 548 1958 iurati
564 1891 700 1957 Minoris
723 1892 864 1957 ciuitatis
882 1892 1062 1973 Pragensis
1086 1892 1209 1956 sincere
1232 1891 1326 1957 nobis
1349 1891 1464 1969 dilecti,

168 2022 226 2085 pro
250 2023 284 2069 se
307 2011 340 2069 et
355 2005 563 2070 vniuersitate
585 2006 729 2070 eiusdem
745 2005 886 2070 ciuitatis
908 2004 1001 2069 nobis
1016 2004 1174 2087 quoddam
1188 2002 1398 2085 priuilegium
1412 2003 1465 2068 do

169 2117 247 2181 mini
271 2118 425 2198 genitoris
448 2118 549 2183 nostri
572 2117 784 2183 exhibuerunt
806 2123 951 2199 petentes
975 2136 1046 2181 cum
1065 2116 1231 2196 instancia,
1254 2121 1289 2181 vt
1303 2117 1422 2199 graciis
1436 2122 1470 2182 et

170 2230 292 2295 iuribus
316 2230 349 2295 in
372 2231 484 2296 eodem
500 2230 658 2296 contentis
675 2230 854 2295 consentire
869 2230 909 2294 de
924 2230 1034 2295 innata
1057 2229 1148 2294 nobis
1168 2229 1344 2294 clemencia
1358 2230 1467 2312 digna-

169 2359 286 2422 remur,
308 2345 398 2409 cuius
421 2343 549 2426 quidem
572 2342 736 2425 priuilegii
758 2361 816 2425 per
838 2343 945 2408 omnia
967 2342 1143 2408 dinoscitur
1163 2347 1256 2407 tenor
1277 2359 1352 2408 esse
1373 2343 1465 2408 talis:

168 2455 234 2520 Nos
257 2455 420 2521 lohannes
447 2460 507 2522 etc.
553 2454 739 2538 (Nasleduje
767 2455 860 2520 aneni
880 2454 958 2519 listu
983 2454 1074 2519 krale
1100 2453 1183 2519 Jana
1212 2453 1242 2520 d
1273 2474 1293 2519 v
1319 2455 1467 2521 Laudare

169 2569 220 2634 27.
237 2569 354 2634 kvdtna
378 2569 461 2634 1330
484 2567 540 2633 dis.
565 2568 642 2650 ra).
685 2567 752 2633 Nos
775 2568 883 2650 itaque
906 2567 939 2632 in
961 2566 1176 2632 laudabilibus
1206 2566 1331 2633 actibus
1353 2566 1467 2651 prelati

170 2682 290 2746 domini
319 2682 421 2762 patris
451 2681 553 2746 nostri
582 2680 729 2745 inherere
751 2680 897 2761 vestigiis
928 2680 1092 2761 cupientes
1122 2678 1337 2762 pennittimus
1359 2686 1394 2746 et
1416 2700 1467 2745 ro·

51 2840 55 2848 .
170 2794 284 2870 lunius,
310 2798 344 2855 vt
358 2794 469 2856 ecdem
492 2793 710 2858 immunitates
733 2797 766 2857 et
787 2793 903 2874 gracie,
927 2798 1035 2874 utpote
1059 2792 1092 2857 in
1115 2791 1199 2856 dicto
1222 2792 1344 2857 domini
1366 2793 1467 2858 nostri

169 2904 324 2985 genitoris
354 2904 525 2986 priuilegio
557 2909 713 2984 contente,
744 2905 829 2987 quod
850 2904 1054 2986 presentibus
1083 2904 1123 2969 de
1149 2904 1246 2970 verbo
1272 2904 1468 2971 adverbum

170 3015 268 3079 inseri
292 3014 434 3095 fecimus,
459 3036 479 3080 a
502 3017 623 3081 cunctis
647 3016 878 3082 inuiolabiliter
901 3017 1120 3096 obseruentur,
1144 3035 1182 3081 eo
1206 3015 1306 3096 saluo,
1331 3017 1419 3100 quod
1441 3016 1467 3081 si

171 3126 308 3207 cuipiam
331 3128 485 3193 aduersus
502 3130 604 3195 dictas
619 3129 744 3211 gracias
759 3129 911 3211 pinguius
927 3129 977 3193 ius
999 3129 1200 3212 competierit
1214 3133 1247 3193 et
1260 3128 1322 3193 hoc
1337 3128 1468 3194 demon-

171 3244 271 3301 strare
295 3241 445 3320 potuerit,
470 3241 544 3306 huic
566 3242 738 3307 fouendum
761 3243 919 3321 duximus,
942 3248 976 3306 vt
997 3242 1058 3307 hoo
1073 3261 1130 3324 per
1145 3242 1336 3307 documenta
1355 3242 1471 3325 probet

170 3350 377 3416 racionabilia
401 3359 434 3417 et
456 3355 524 3418 iure
548 3373 605 3420 suo
629 3355 812 3420 huiusmodi
837 3354 1000 3419 commode
1023 3353 1212 3436 perfruatur.
1245 3354 1284 3420 In
1307 3355 1401 3420 cuius
1423 3354 1469 3418 rei

170 3464 387 3530 testimonium
409 3471 575 3548 presentes
600 3467 696 3532 scribi
720 3473 753 3532 et
774 3466 874 3549 sigilli
890 3467 990 3532 nostri
1013 3467 1188 3532 munimine
1208 3466 1362 3533 iussimus
1386 3487 1469 3532 com·

169 3579 296 3644 muniri.
349 3579 466 3644 Datum
489 3579 596 3644 Brune
627 3580 678 3644 die
709 3580 869 3645 dominica
897 3584 971 3662 post
999 3579 1084 3644 diem
1116 3580 1218 3643 sancti
1251 3567 1468 3645 Bartholomei

169 3692 306 3771 apostoli
330 3693 475 3773 proxima
497 3711 579 3756 anno
603 3691 724 3757 domini
746 3691 860 3758 MCCG
882 3692 1045 3758 tricesimo
1068 3698 1192 3775 quarto.

274 3882 325 3935 Dle
344 3881 484 3949 originalis,
503 3880 582 3947 ktery'
601 3896 630 3934 se
648 3884 704 3934 rice
722 3881 895 3950 nezacboral‚
916 3881 1007 3936 Pelzcl
1025 3881 1092 3934 Karl
1105 3880 1154 3935 der
1170 3880 1272 3934 Vierte.
1290 3879 1471 3935 Urlmndenb,

169 3973 193 4025 N
196 3971 208 4001 ⁰
218 3973 277 4028 Vll.
296 3975 439 4030 Obsaieno
452 3976 496 4029 tei
510 3991 525 4026 r
538 3973 695 4029 lronfirmaci
713 3976 849 4044 privilegii
859 3975 1099 4044 Malostranslry‘cb
1118 3977 1206 4030 eisaie
1218 3974 1364 4044 Leopolda
1374 3975 1423 4030 ld.
1435 3990 1472 4028 na

169 4067 253 4121 hradd
270 4069 418 4124 Praislrem
440 4075 479 4123 15.
499 4070 625 4138 prosince
646 4075 711 4123 1657
726 4072 748 4124 d.
767 4071 789 4139 Ι,
807 4077 841 4125 83
859 4087 875 4123 v
895 4071 1005 4125 archiva
1024 4088 1058 4125 m.
1071 4070 1168 4139 Prahy.
1186 4070 1271 4125 Mimo
1290 4077 1319 4124 to
1338 4069 1470 4141 potrrdili

168 4169 243 4214 tento
263 4162 322 4216 list:
341 4162 496 4217 Ferdinaud
515 4164 528 4216 I
545 4180 580 4216 na
597 4162 683 4217 hrade
700 4164 848 4219 Praislrem
867 4171 908 4218 el.
927 4165 983 4218 zali
1002 4171 1081 4233 15473
1106 4163 1260 4218 Fordinand
1278 4164 1312 4219 IL
1331 4181 1369 4220 na
1385 4163 1472 4220 hrode

168 4256 315 4310 Praislrem
336 4263 375 4311 15.
394 4258 496 4310 lrvdtna
516 4264 596 4326 1628;
614 4258 701 4311 Maria
719 4260 828 4314 Teresia
847 4276 878 4314 rc
896 4258 978 4313 vrdni
999 4267 1038 4314 16.
1057 4263 1155 4314 derina
1174 4264 1241 4313 1747
1260 4260 1434 4316 albantlielr
1447 4260 1472 4312 1.

169 4365 201 4403 ve
219 4349 301 4403 Vidni
322 4358 362 4405 13.
381 4352 481 4405 krbtna
502 4359 576 4407 1808.
