3068 5160
104 357 164 419 104
346 424 350 431 Ι
718 358 793 408 asor.

101 561 261 626 extraneis
284 562 317 626 in
340 579 438 642 regno
462 565 572 625 nostro
596 560 825 643 exigendomm
849 566 1025 643 emanatas,
1054 562 1257 646 infrascripti
1279 568 1402 631 tenoris.

102 673 316 754 supplicantes
339 677 448 738 nostre
463 672 631 738 serenitati
644 673 812 739 instanciis
828 673 946 739 debitis
968 680 1003 740 et
1024 674 1165 755 deuotis,
1189 684 1228 741 ut
1250 678 1404 760 predictas

101 785 224 849 litteras
252 804 309 851 seu
333 783 600 869 transsumtum')
624 786 841 868 predictorum
868 786 998 870 judicia,
1028 789 1214 872 juratomm
1236 795 1272 855 et
1293 791 1404 855 ciuium

101 896 315 962 lbanensium
330 894 367 979 ¹⁰)
391 901 500 961 nostro
524 897 696 980 priuilegio
719 917 886 979 renouare,
910 898 1100 966 confirmare
1116 918 1155 966 ac
1176 901 1284 968 eciam
1304 902 1404 968 decer-

102 1008 206 1075 nendo
222 1010 419 1074 committere
435 1009 651 1091 dignaremur,
674 1016 710 1076 vt
731 1011 803 1092 ipsa
824 1016 934 1078 nostra
952 1013 1127 1078 renouacio
1150 1019 1186 1079 et
1208 1013 1403 1080 confirmacio

101 1122 245 1187 eiusdem
275 1121 393 1203 vigoris
416 1126 450 1186 et
470 1119 632 1187 firmitatis
662 1122 837 1189 haberetur
858 1129 892 1189 et
917 1123 1047 1206 plenam
1076 1125 1171 1192 daret
1200 1124 1310 1207 fidem,
1341 1127 1402 1191 ubi·

104 1253 239 1317 rumque
261 1234 343 1299 toret
365 1233 506 1298 exhibita
528 1241 562 1300 et
582 1235 748 1316 prodacta,
779 1234 846 1301 acsi
869 1235 1014 1318 predicte
1035 1237 1235 1319 principales
1258 1245 1294 1304 et
1315 1240 1402 1322 origi·

103 1346 194 1413 noles
215 1346 321 1411 littere
344 1345 480 1427 predicti
502 1347 604 1428 patris
627 1347 730 1413 nostri
752 1346 786 1411 in
809 1348 916 1430 specie
935 1348 1165 1415 exhiberentur
1186 1368 1248 1433 per
1270 1353 1401 1427 eosdem,

102 1477 236 1542 (luorum
264 1457 393 1541 quidem
416 1456 596 1524 litterarum
619 1459 803 1541 potenciam
818 1460 883 1525 iam
898 1459 1056 1527 dictomm
1076 1462 1209 1545 judicis,
1229 1465 1402 1548 juratomm

102 1592 137 1636 ar
170 1570 288 1634 ciuium
318 1569 586 1637 Brnnensium¹¹l
617 1577 710 1636 tenor
738 1571 814 1636 talis
844 1577 911 1638 est:
946 1572 1014 1639 Nos
1043 1573 1186 1639 lacobus
1218 1576 1260 1642 de
1292 1573 1401 1645 Ror¹²l

102 1684 209 1766 Judox,
226 1683 324 1766 jurati
348 1688 381 1746 et
403 1682 491 1747 ciues
513 1683 698 1749 Brunenses
719 1685 990 1772 recognoscimus,
1014 1685 1091 1773 quia
1111 1685 1241 1753 litteras
1264 1692 1403 1772 patentes

101 1814 164 1859 non
187 1813 286 1871 rasas,
308 1812 373 1887 non
389 1794 536 1875 abolitas,
559 1813 619 1859 nec
634 1796 667 1859 in
682 1795 792 1879 aliqua
806 1797 858 1862 sni
873 1804 964 1878 parte
984 1797 1142 1878 niciatas‚·
1155 1799 1216 1866 sed
1230 1819 1290 1882 per
1304 1801 1403 1867 omnia

102 1906 209 1971 satiatas
232 1905 493 1985 excellentissimi
518 1908 672 1989 principis
696 1908 816 1974 domini
832 1909 944 1975 Karoli
963 1911 1124 1993 quondam
1140 1913 1229 1994 regis
1243 1911 1403 1996 Hnngarie

102 2020 134 2083 in
159 2027 266 2085 nostra
288 2019 443 2083 babemus
473 2018 630 2098 clausura,
662 2039 797 2109 quarum
826 2026 921 2087 tenor
950 2023 990 2087 de
1012 2023 1110 2088 verbo
1138 2023 1180 2089 ad
1203 2026 1339 2091 verbnm
1359 2029 1404 2089 est

101 2131 192 2196 talis:
216 2132 282 2198 Nos
298 2130 436 2196 Karolus
456 2130 508 2195 dei
524 2133 633 2211 procia
646 2150 693 2198 oc.
717 2131 905 2217 (Nasleduje
921 2133 978 2199 list
993 2134 1184 2202 Uberskeho
1201 2136 1294 2202 krtle
1309 2136 1403 2202 Karia

102 2244 241 2309 llolunto
256 2246 287 2310 d.
310 2262 352 2308 na
366 2240 551 2326 l'yseliradd
573 2246 604 2310 e.
628 2243 723 2309 ledna
748 2245 831 2310 1336
854 2245 881 2311 ὅ.
906 2246 972 2328 27.)
996 2247 1033 2311 In
1057 2247 1148 2312 cuius
1171 2248 1404 2330 recognicionis

102 2365 134 2421 et.
158 2358 334 2423 latliirionis
363 2355 582 2421 testimonium
616 2357 774 2421 instanter
795 2358 900 2439 rogati
923 2358 1065 2441 sigillum
1089 2365 1236 2425 nostrum
1266 2360 1405 2444 presenti

101 2472 309 2552 transscripto
333 2468 481 2533 duximus
504 2468 747 2550 appendendum
761 2464 804 2547 ¹³)
828 2487 911 2534 anno
940 2471 1062 2535 domini
1084 2469 1258 2539 millesimo
1285 2478 1405 2539 trecen·

102 2582 216 2647 tesimo
247 2581 510 2667 quinquagesimo
542 2581 677 2662 septimo
700 2581 734 2645 in
757 2586 871 2646 octaua
902 2583 1122 2663 apostolomm
1144 2583 1234 2649 Petri
1260 2590 1295 2650 et
1315 2584 1404 2657 Pauli

102 2695 315 2767 beatorum.*l
361 2692 427 2757 Nos
457 2693 556 2774 igitur
583 2692 727 2757 volentes
758 2693 845 2774 ipsos
875 2700 1070 2759 mercatores
1103 2694 1138 2760 in
1169 2713 1284 2761 eorum
1312 2697 1406 2763 liber·

102 2807 222 2871 tacitns
253 2815 285 2872 et
314 2807 440 2891 juribus
469 2824 527 2887 por
556 2805 733 2888 predictum
763 2803 929 2870 domiuum
954 2806 1109 2872 Karolnm
1139 2825 1251 2889 regem
1282 2815 1403 2892 patrem

103 2927 246 2985 nostium
263 2921 341 3002 ipsis
357 2919 483 2984 donatis
499 2917 648 2999 legaliter
662 2922 695 2981 ct
709 2916 870 2981 concessis
887 2917 1080 2983 indemniter
1102 2936 1308 3001 conseruare,
1333 2920 1406 3003 qnia

103 3033 308 3098 arianissimo
330 3030 566 3114 principissa¹⁴l
590 3029 718 3094 domina
740 3027 887 3093 Elizabet
911 3029 1023 3094 inclita
1044 3028 1258 3114 Hungarie¹⁵)
1283 3034 1405 3115 regina.¹

103 3143 240 3224 gentillix
271 3152 379 3208 nostra
402 3142 576 3222 rarissimo,
608 3142 647 3206 de
671 3140 876 3205 concessione
902 3141 1118 3222 predictarum
1140 3142 1330 3210 libertatum
1352 3165 1407 3228 per

104 3255 239 3320 culidem
270 3263 392 3338 patrem
424 3262 567 3320 nostrum
596 3252 680 3318 facta
710 3270 744 3316 se
775 3252 960 3317 memoriter
989 3255 1152 3319 recordari
1183 3261 1217 3321 et
1246 3258 1407 3339 predictas

104 3370 228 3432 litteras
252 3374 396 3451 petrides
421 3368 522 3449 ipsius
545 3366 645 3449 patris
666 3364 767 3430 nostri
783 3365 815 3428 in
832 3365 939 3446 specie
955 3372 1029 3431 ante
1045 3367 1148 3448 ipsam
1163 3365 1233 3434 fore
1248 3370 1407 3437 exhibitas

104 3500 209 3545 coram
233 3482 324 3546 nobis
355 3478 534 3558 affirmauit,
565 3478 637 3542 ideo
668 3495 726 3543 nos
757 3494 796 3541 ex
827 3475 1055 3543 informacione
1082 3480 1146 3544 iam
1169 3480 1255 3547 diota
1278 3483 1406 3549 domine

104 3595 223 3673 regine,
248 3592 411 3675 genitricis
439 3597 547 3655 nostre
572 3589 745 3668 carissime,
769 3587 914 3670 plenarie
936 3597 970 3655 et
991 3590 1191 3656 lucidissime
1207 3593 1248 3658 de
1271 3595 1406 3660 veritate

105 3707 276 3771 annuntiem
308 3706 485 3770 litterarum
517 3703 621 3767 edocti
651 3701 810 3784 predictas
843 3701 967 3766 litteras
998 3703 1061 3767 iam
1090 3704 1250 3770 dictorum
1276 3707 1406 3789 judicia.

103 3819 280 3899 juratorum
303 3826 335 3882 et.
358 3817 476 3881 oinium
499 3816 538 3880 ‹lc
553 3816 650 3880 serbo
674 3815 714 3879 ad
733 3813 865 3877 verbnm
879 3815 1050 3879 transcribi
1072 3815 1207 3881 fecimus
1229 3823 1265 3882 et
1277 3820 1407 3885 easdem

106 3929 210 4009 quoad
233 3950 342 3996 omnes
359 3930 409 3994 sui
425 3928 641 3994 continencias
657 3947 695 3992 ex
710 3932 798 3991 corta
812 3932 922 3990 nostra
937 3927 1085 4007 sciencia
1102 3934 1211 3994 nostre
1227 3931 1408 3997 maiestatis

108 4042 295 4107 auctoritate
317 4044 407 4125 regia
431 4043 630 4119 innodamus,
662 4038 893 4118 confirmamus
922 4038 1116 4104 ratificamus
1139 4046 1173 4105 at
1191 4043 1409 4124 approbamus

108 4151 373 4236 opposicioneque
399 4155 498 4236 sigilli
525 4154 625 4216 nostri
652 4151 789 4233 duplicis
814 4150 974 4215 munimus
1005 4171 1040 4216 ac
1071 4159 1227 4235 perpetuo
1240 4152 1282 4238 ¹⁶)
1314 4157 1409 4222 robo-

109 4279 233 4341 ramus3
257 4266 534 4332 consuetudinaria
551 4265 622 4346 lege
638 4264 727 4346 regni
743 4264 855 4341 nostri,
879 4282 941 4345 qno
961 4264 1143 4330 huiusmodi
1159 4265 1286 4334 litteras
1303 4277 1410 4336 extra·

212 4501 237 4568 *l
257 4508 280 4555 d.
300 4505 426 4558 terratico
448 4513 521 4559 1357.
