3068 5160
733 342 807 391 naas.
1256 410 1258 415 ἵ
1372 341 1415 404 55

112 566 196 624 sum,
230 546 453 628 promittentes
476 547 560 611 bona
581 553 691 611 nostra
720 546 782 611 fide
806 566 967 629 nunquam
1000 548 1220 612 contrauenire
1244 548 1340 613 verbo
1364 550 1414 613 vel

116 660 210 737 iacto,
236 677 296 723 nec
318 677 374 722 eos
397 659 430 723 in
455 659 549 723 dictis
572 660 688 740 graciis
705 659 860 741 inpedire,
883 678 942 725 nec
964 659 1031 740 pati
1046 677 1104 741 per
1119 661 1300 742 quempiam
1316 662 1414 726 alium

116 771 303 854 aliqualiter
326 772 483 854 impediri.
509 770 631 835 Harum
654 777 834 837 nostrarum
856 771 1040 837 testimonio
1063 771 1252 838 litterarum.
1296 774 1414 839 Datum

117 888 148 950 in
172 883 309 949 Colonia
338 903 435 967 super
456 884 590 950 Albeam
621 884 759 948 secunda
789 882 871 948 feria
900 884 1045 965 proxima
1064 890 1139 966 post
1159 887 1414 967 assumpcionern

117 999 209 1062 beate
233 997 336 1061 Maris
366 997 500 1078 virginis
530 1015 613 1061 anno
646 997 766 1062 domini
795 996 965 1062 millesimo
996 992 1220 1062 ticcentesimo
1252 998 1413 1063 tricesimo

117 1116 242 1177 octauo.

222 1263 294 1332 Orig.
313 1265 452 1318 varchivu
470 1282 505 1316 m.
523 1263 613 1332 Prahy
631 1263 652 1331 1,
670 1266 692 1317 t.
711 1267 735 1316 7.
763 1262 797 1317 Se
817 1263 952 1317 selcretem
971 1264 1072 1317 markr.
1085 1264 1178 1334 Karla,
1196 1281 1232 1319 na
1249 1267 1326 1319 nemi
1343 1267 1415 1320 anal(

119 1360 309 1428 lucemburcky
327 1377 343 1414 a
362 1360 440 1428 napis
459 1365 547 1413 tento:
568 1359 723 1426 „Secretnm
736 1358 832 1413 Karoli
844 1359 1015 1428 primogeniti
1032 1359 1102 1427 regis
1115 1359 1234 1428 Boemie,
1251 1361 1414 1414 marchionis

121 1456 267 1510 norsum.
285 1456 375 1510 Penei
394 1456 461 1510 narr
479 1453 528 1509 aer
544 1454 647 1508 ureae.
664 1453 841 1509 Urkunueno.
860 1454 899 1507 n·
916 1455 963 1508 nc
984 1455 1045 1509 msa
1063 1453 1204 1523 potvrdili:
1222 1438 1376 1510 coronano
1394 1458 1415 1510 1.

119 1567 135 1600 i·
143 1551 227 1604 Praze
245 1557 287 1604 -24,
300 1552 356 1604 zati
376 1557 456 1619 15473
476 1548 630 1604 Ferdinand
641 1550 676 1604 Π.
687 1565 724 1603 na
735 1549 820 1604 hrode
832 1549 982 1604 Praiskem
997 1555 1036 1603 15.
1049 1551 1243 1620 livttna16283
1259 1550 1383 1621 Leopold
1394 1552 1415 1606 I.

122 1662 155 1699 na
170 1645 256 1699 hrade
278 1646 426 1700 Praislrem
449 1651 489 1700 15.
514 1647 640 1714 prosince
664 1650 745 1712 16573
773 1645 860 1699 Mario
884 1645 994 1699 Teresia
1011 1661 1043 1699 ve
1060 1643 1142 1699 Vidni
1168 1651 1208 1700 16.
1232 1649 1331 1700 terina
1350 1652 1415 1701 1747

122 1740 297 1796 aFrantir'relr
316 1742 337 1795 Ι.
358 1748 397 1796 13.
416 1742 604 1794 livetna1808.

699 1906 763 1990 (lis.
787 1924 840 1991 35.
864 1870 866 1874 ὗ

441 2048 442 2051 Ὺ
510 2096 614 2165 raas.
649 2095 707 2162 1s.
730 2095 820 2164 zan.
855 2095 1024 2163 amiens.

123 2270 200 2334 lircil
223 2269 290 2333 Jon
313 2270 468 2353 schooloajc
490 2273 610 2333 samoni
630 2270 782 2354 cpolim-ie,
807 2268 953 2333 kmaiclrto
975 2270 990 2330 c'
1009 2272 1059 2332 osi
1080 2267 1149 2332 οἶκε
1171 2267 1301 2332 Storc'lco
1321 2272 1416 2333 misia

123 2382 301 2456 Proialcclza
334 2381 384 2444 dle
415 2382 537 2445 ktcroho
566 2382 705 2446 umcricla‘
732 2404 763 2445 ac
792 2381 940 2446 oooleac‘m
970 2381 1102 2444 atarffiolo
1133 2380 1271 2444 obccaiclc
1293 2382 1418 2465 koicpita'

122 2495 292 2557 adiicienda
315 2494 493 2578 scapeltm‘lao
517 2494 592 2557 dum
612 2493 746 2579 Volfliaa
769 2493 810 2557 od
826 2494 963 2557 Kamenc
984 2516 1004 2557 o
1025 2495 1103 2558 roho
1124 2516 1168 2556 aa
1189 2494 1293 2578 walcra
1307 2491 1414 2558 διανο-

124 2608 275 2671 assatas
298 2630 319 2670 a
342 2606 452 2669 zrtdiai
472 2609 525 2691 jej
555 2629 591 2668 zo
621 2606 757 2681 radaica‘,
790 2604 890 2690 adalp
911 2606 1011 2690 condy
1039 2629 1070 2671 aa
1093 2605 1247 2693 odopoaly
1269 2630 1290 2670 a
1312 2607 1418 2671 obecaa‘

620 2716 752 2803 pot-r'ebp
766 2718 912 2804 jednoly.
1084 2729 1086 2733 '

221 2912 288 2976 Nos
313 2910 476 2975 lohannes
500 2912 551 2975 dei
575 2911 683 2992 gracia
697 2911 828 2976 Boemie
848 2930 904 2975 ren
927 2929 964 2975 ac
987 2911 1275 2994 Lucemburgensis
1311 2932 1416 2978 comes

126 3033 230 3089 notum
261 3024 395 3087 facimus
426 3024 585 3088 uniuersis
615 3028 779 3104 presentes
810 3024 921 3089 literas
950 3025 1161 3106 inspecturis,
1192 3026 1277 3108 quod
1308 3025 1416 3090 dilecti

124 3138 211 3201 nobis
229 3188 236 3202 .
255 3189 261 3202 .
283 3138 390 3219 judex,
408 3187 415 3203 .
433 3187 441 3202 .
461 3136 560 3219 jurati
583 3154 620 3200 ac
637 3186 644 3203 .
663 3186 670 3201 .
693 3136 885 3201 vniuersitas
902 3135 1020 3200 ciuium
1036 3136 1169 3201 Maioris
1186 3138 1326 3202 ciuitatis
1342 3139 1416 3201 Pra-

123 3251 226 3329 gensis
239 3268 296 3330 pro
310 3255 399 3330 parte
416 3255 521 3313 suaet
537 3249 772 3313 communitatis
785 3248 924 3313 ciuitatis
939 3249 1082 3313 eiusdem
1098 3248 1191 3313 nobis
1206 3249 1418 3313 exhibuerunt

125 3364 244 3444 copiam
277 3362 442 3425 cuiusdam
474 3361 676 3426 instrumenti
700 3378 796 3443 super
817 3360 1002 3442 prouisione
1025 3378 1083 3441 per
1107 3379 1164 3426 eos
1187 3361 1270 3425 dicte
1294 3360 1416 3424 ciuitati

122 3473 211 3553 lacta,
228 3479 383 3556 petentes,
400 3479 434 3537 vt
449 3474 533 3538 idem
549 3474 793 3538 instrumentum
806 3479 839 3538 et
850 3473 957 3537 omnia
967 3472 1000 3536 in
1012 3472 1082 3553 ipso
1098 3477 1246 3537 contenta
1259 3470 1417 3536 ratificare

123 3595 152 3650 et
174 3586 363 3652 continuare
387 3587 563 3651 maiestatis
587 3591 696 3652 nostre
718 3586 826 3665 gracia
848 3585 1063 3665 dignaremur.
1095 3583 1195 3665 Copia
1217 3589 1324 3648 autem
1347 3583 1416 3646 siue

120 3708 210 3764 tenor
233 3700 334 3781 ipsius
381 3699 583 3764 instrumenti
606 3703 676 3763 erat
696 3697 789 3762 talis:
820 3698 857 3762 ln
881 3698 933 3762 dei
956 3698 1084 3763 nomine
1109 3714 1212 3763 amen.
1249 3696 1416 3774 Acciones,

121 3832 199 3894 quas
216 3815 354 3877 mundus
369 3812 477 3876 labilis
493 3811 628 3889 ordinat,
652 3829 728 3892 sepe
745 3810 831 3875 delet
846 3809 965 3876 obliuio
989 3816 1021 3874 et
1044 3827 1211 3874 successus
1226 3814 1416 3889 temporum,

121 3926 179 3989 nisi
205 3925 372 3989 firmentur
384 3927 460 3989 vina
474 3943 551 3989 voce
573 3924 705 3988 testium
727 3928 784 3987 aut
805 3922 926 3987 efficaci
946 3923 1112 3987 karactere
1134 3921 1310 3986 literarum.
1333 3919 1417 4009 Hinc

118 4048 175 4114 ost,
209 4038 296 4120 quod
326 4056 383 4101 nos
414 4035 622 4101 Wenceslaus
652 4036 756 4101 dictus
786 4034 971 4100 Rokcnaner
997 4036 1104 4119 juder,
1135 4033 1286 4099 Nicolaus
1305 4033 1416 4113 Albus,

118 4153 263 4216 ,tnclrcas
287 4151 390 4214 dictus
414 4150 564 4228 Goldncr,
588 4148 743 4213 Pozolclus
770 4147 918 4226 carnifex,
943 4147 1104 4213 Seidlinus
1129 4148 1169 4212 de
1184 4148 1305 4226 Piesca,
1328 4144 1415 4210 Hen-

118 4267 204 4328 ricus
236 4263 405 4342 Mclniker,
437 4262 624 4326 Frenclinus
655 4260 850 4342 Kornpuhel,
881 4259 1035 4324 Nicolaus
1065 4261 1235 4339 Znoimeri,
1266 4258 1418 4323 Nicolaus

115 4375 324 4452 Clementeri,
348 4373 474 4439 Vilicus
498 4373 736 4456 Silberczeiger,
765 4372 909 4436 Jeclinus
932 4373 1075 4454 Ruperti,
1100 4371 1227 4437 Vlricus
1251 4373 1364 4455 Pleyer
1387 4377 1420 4435 ct

113 4489 270 4553 Johlinus
292 4488 478 4551 Rokczaner·
496 4487 596 4570 jurati
618 4492 651 4551 et
672 4486 866 4550 vniuersitas
890 4485 1007 4548 ciuium
1024 4484 1156 4549 lllaioris
1181 4485 1320 4547 ciuitatis
1344 4483 1419 4546 Pra-
