<?xml version="1.0" encoding="UTF-8"?>
<!DOCTYPE html PUBLIC "-//W3C//DTD XHTML 1.0 Transitional//EN"
    "http://www.w3.org/TR/xhtml1/DTD/xhtml1-transitional.dtd">
<html xmlns="http://www.w3.org/1999/xhtml" xml:lang="en" lang="en">
 <head>
  <title>
</title>
<meta http-equiv="Content-Type" content="text/html;charset=utf-8" />
  <meta name='ocr-system' content='tesseract 3.04.00' />
  <meta name='ocr-capabilities' content='ocr_page ocr_carea ocr_par ocr_line ocrx_word'/>
</head>
<body>
  <div class='ocr_page' id='page_1' title='image "./sbrkapramenprva00kingoog_0449.png"; bbox 0 0 3068 5160; ppageno 0'>
   <div class='ocr_carea' id='block_1_1' title="bbox 673 376 748 423">
    <p class='ocr_par' dir='ltr' id='par_1_1' title="bbox 673 376 748 423">
     <span class='ocr_line' id='line_1_1' title="bbox 673 376 748 423; baseline -0.013 0"><span class='ocrx_word' id='word_1_1' title='bbox 673 376 748 423; x_wconf 74' lang='lat'>1472.</span> 
     </span>
    </p>
   </div>
   <div class='ocr_carea' id='block_1_2' title="bbox 439 560 985 819">
    <p class='ocr_par' dir='ltr' id='par_1_2' title="bbox 439 560 985 819">
     <span class='ocr_line' id='line_1_2' title="bbox 612 560 815 644; baseline 0.015 -3"><span class='ocrx_word' id='word_1_2' title='bbox 612 578 628 614; x_wconf 90' lang='lat'>*</span> <span class='ocrx_word' id='word_1_3' title='bbox 653 560 718 644; x_wconf 70' lang='lat' dir='ltr'>Cis.</span> <span class='ocrx_word' id='word_1_4' title='bbox 742 580 815 644; x_wconf 83' lang='lat'><strong>169.</strong></span> 
     </span>
     <span class='ocr_line' id='line_1_3' title="bbox 439 749 985 819; baseline -0.005 -1"><span class='ocrx_word' id='word_1_5' title='bbox 439 749 542 818; x_wconf 79' lang='lat'><strong>1472.</strong></span> <span class='ocrx_word' id='word_1_6' title='bbox 577 751 810 818; x_wconf 75' lang='grc'><strong>11116166.</strong></span> <span class='ocrx_word' id='word_1_7' title='bbox 844 750 985 819; x_wconf 72' lang='lat' dir='ltr'>Proba</span> 
     </span>
    </p>
   </div>
   <div class='ocr_carea' id='block_1_3' title="bbox 57 939 1360 1252">
    <p class='ocr_par' dir='ltr' id='par_1_3' title="bbox 57 939 1360 1252">
     <span class='ocr_line' id='line_1_4' title="bbox 58 939 1357 1024; baseline 0.002 -19"><span class='ocrx_word' id='word_1_8' title='bbox 58 943 143 1006; x_wconf 79' lang='lat' dir='ltr'>Kra&#39;l</span> <span class='ocrx_word' id='word_1_9' title='bbox 173 941 336 1005; x_wconf 82' lang='lat' dir='ltr'>Vlodiolao</span> <span class='ocrx_word' id='word_1_10' title='bbox 361 944 523 1024; x_wconf 67' lang='lat' dir='ltr'>potenaje</span> <span class='ocrx_word' id='word_1_11' title='bbox 549 941 747 1023; x_wconf 70' lang='lat' dir='ltr'>parkrnr&#39;etru</span> <span class='ocrx_word' id='word_1_12' title='bbox 770 965 791 1004; x_wconf 89' lang='lat' dir='ltr'>a</span> <span class='ocrx_word' id='word_1_13' title='bbox 812 939 1043 1008; x_wconf 69' lang='grc' dir='ltr'><strong>16111816νῶ6</strong></span> <span class='ocrx_word' id='word_1_14' title='bbox 1064 945 1162 1007; x_wconf 67' lang='grc'><strong>1611616</strong></span> <span class='ocrx_word' id='word_1_15' title='bbox 1183 943 1357 1008; x_wconf 69' lang='grc' dir='ltr'><strong>116ὶ6116716</strong></span> 
     </span>
     <span class='ocr_line' id='line_1_5' title="bbox 57 1052 1360 1142; baseline 0.002 -24"><span class='ocrx_word' id='word_1_16' title='bbox 57 1059 203 1139; x_wconf 69' lang='lat' dir='ltr'>majestat</span> <span class='ocrx_word' id='word_1_17' title='bbox 224 1054 313 1117; x_wconf 78' lang='lat' dir='ltr'>krdle</span> <span class='ocrx_word' id='word_1_18' title='bbox 331 1052 447 1127; x_wconf 60' lang='lat' dir='ltr'>ditabo,</span> <span class='ocrx_word' id='word_1_19' title='bbox 472 1054 591 1136; x_wconf 78' lang='lat' dir='ltr'>ktery&#39;m</span> <span class='ocrx_word' id='word_1_20' title='bbox 605 1054 735 1139; x_wconf 74' lang='lat' dir='ltr'>cdecbrry</span> <span class='ocrx_word' id='word_1_21' title='bbox 751 1054 847 1138; x_wconf 79' lang='lat' dir='ltr'>ploty</span> <span class='ocrx_word' id='word_1_22' title='bbox 867 1076 912 1117; x_wconf 83' lang='lat' dir='ltr'>aa</span> <span class='ocrx_word' id='word_1_23' title='bbox 934 1054 1055 1118; x_wconf 69' lang='lat' dir='ltr'>domas</span> <span class='ocrx_word' id='word_1_24' title='bbox 1070 1054 1245 1141; x_wconf 64' lang='lat' dir='ltr'>Fraleky&#39;cb</span> <span class='ocrx_word' id='word_1_25' title='bbox 1266 1064 1360 1142; x_wconf 69' lang='lat' dir='ltr'>ortaty</span> 
     </span>
     <span class='ocr_line' id='line_1_6' title="bbox 439 1164 981 1252; baseline 0.002 -25"><span class='ocrx_word' id='word_1_26' title='bbox 439 1189 461 1227; x_wconf 87' lang='lat' dir='ltr'>a</span> <span class='ocrx_word' id='word_1_27' title='bbox 483 1188 520 1228; x_wconf 85' lang='lat' dir='ltr'>za</span> <span class='ocrx_word' id='word_1_28' title='bbox 542 1168 671 1229; x_wconf 67' lang='grc'><strong>61161661</strong></span> <span class='ocrx_word' id='word_1_29' title='bbox 684 1165 879 1251; x_wconf 73' lang='lat' dir='ltr'>prohlrideny</span> <span class='ocrx_word' id='word_1_30' title='bbox 901 1164 981 1252; x_wconf 77' lang='lat' dir='ltr'>byly.</span> 
     </span>
    </p>
   </div>
   <div class='ocr_carea' id='block_1_4' title="bbox 51 1365 1359 4596">
    <p class='ocr_par' dir='ltr' id='par_1_4' title="bbox 51 1365 1359 4596">
     <span class='ocr_line' id='line_1_7' title="bbox 164 1365 1357 1449; baseline 0.004 -21"><span class='ocrx_word' id='word_1_31' title='bbox 164 1365 358 1431; x_wconf 87' lang='lat' dir='ltr'>Wladislaus</span> <span class='ocrx_word' id='word_1_32' title='bbox 377 1365 428 1429; x_wconf 92' lang='lat' dir='ltr'>dei</span> <span class='ocrx_word' id='word_1_33' title='bbox 459 1366 568 1445; x_wconf 79' lang='lat' dir='ltr'>gracia</span> <span class='ocrx_word' id='word_1_34' title='bbox 588 1365 742 1431; x_wconf 88' lang='lat' dir='ltr'>Bohemie</span> <span class='ocrx_word' id='word_1_35' title='bbox 764 1385 830 1446; x_wconf 84' lang='lat' dir='ltr'>rex,</span> <span class='ocrx_word' id='word_1_36' title='bbox 860 1366 1006 1434; x_wconf 88' lang='lat' dir='ltr'>Morauie</span> <span class='ocrx_word' id='word_1_37' title='bbox 1029 1367 1180 1449; x_wconf 87' lang='lat' dir='ltr'>marchio,</span> <span class='ocrx_word' id='word_1_38' title='bbox 1204 1368 1357 1434; x_wconf 80' lang='grc'><strong>1661661-</strong></span> 
     </span>
     <span class='ocr_line' id='line_1_8' title="bbox 57 1477 1358 1563; baseline 0.002 -19"><span class='ocrx_word' id='word_1_39' title='bbox 57 1480 228 1562; x_wconf 81' lang='lat' dir='ltr'>burgensis</span> <span class='ocrx_word' id='word_1_40' title='bbox 251 1485 284 1544; x_wconf 98' lang='grc'>61</span> <span class='ocrx_word' id='word_1_41' title='bbox 306 1477 408 1543; x_wconf 86' lang='lat' dir='ltr'>Slesie</span> <span class='ocrx_word' id='word_1_42' title='bbox 439 1479 502 1542; x_wconf 84' lang='lat' dir='ltr'>dux</span> <span class='ocrx_word' id='word_1_43' title='bbox 532 1497 569 1542; x_wconf 87' lang='lat' dir='ltr'>ac</span> <span class='ocrx_word' id='word_1_44' title='bbox 591 1478 727 1545; x_wconf 86' lang='lat' dir='ltr'>Lusacie</span> <span class='ocrx_word' id='word_1_45' title='bbox 753 1478 895 1544; x_wconf 87' lang='lat' dir='ltr'>marchio</span> <span class='ocrx_word' id='word_1_46' title='bbox 917 1497 963 1545; x_wconf 88' lang='lat' dir='ltr'>oc.</span> <span class='ocrx_word' id='word_1_47' title='bbox 1009 1477 1165 1545; x_wconf 85' lang='lat' dir='ltr'><strong>Omnibus</strong></span> <span class='ocrx_word' id='word_1_48' title='bbox 1189 1481 1221 1544; x_wconf 92' lang='lat' dir='ltr'>in</span> <span class='ocrx_word' id='word_1_49' title='bbox 1244 1500 1358 1563; x_wconf 88' lang='lat' dir='ltr'>perpe·</span> 
     </span>
     <span class='ocr_line' id='line_1_9' title="bbox 57 1591 1358 1674; baseline 0.002 -17"><span class='ocrx_word' id='word_1_50' title='bbox 57 1600 159 1659; x_wconf 91' lang='lat' dir='ltr'>tuum.</span> <span class='ocrx_word' id='word_1_51' title='bbox 204 1592 336 1656; x_wconf 87' lang='lat' dir='ltr'>Letatur</span> <span class='ocrx_word' id='word_1_52' title='bbox 357 1591 529 1655; x_wconf 83' lang='lat' dir='ltr'>admodum</span> <span class='ocrx_word' id='word_1_53' title='bbox 558 1595 669 1655; x_wconf 87' lang='lat' dir='ltr'>nostra</span> <span class='ocrx_word' id='word_1_54' title='bbox 698 1592 789 1671; x_wconf 80' lang='lat' dir='ltr'>regia</span> <span class='ocrx_word' id='word_1_55' title='bbox 810 1592 974 1672; x_wconf 85' lang='lat' dir='ltr'>maiestas,</span> <span class='ocrx_word' id='word_1_56' title='bbox 1005 1593 1033 1657; x_wconf 90' lang='lat' dir='ltr'>si</span> <span class='ocrx_word' id='word_1_57' title='bbox 1063 1611 1103 1658; x_wconf 84' lang='lat' dir='ltr'>ex</span> <span class='ocrx_word' id='word_1_58' title='bbox 1133 1593 1239 1658; x_wconf 90' lang='lat' dir='ltr'>debito</span> <span class='ocrx_word' id='word_1_59' title='bbox 1271 1594 1358 1674; x_wconf 81' lang='lat' dir='ltr'>regio</span> 
     </span>
     <span class='ocr_line' id='line_1_10' title="bbox 56 1703 1359 1786; baseline 0.002 -18"><span class='ocrx_word' id='word_1_60' title='bbox 56 1705 259 1769; x_wconf 80' lang='lat' dir='ltr'>auctoritatis</span> <span class='ocrx_word' id='word_1_61' title='bbox 286 1703 527 1768; x_wconf 88' lang='grc'><strong>6666616661661</strong></span> <span class='ocrx_word' id='word_1_62' title='bbox 550 1703 794 1785; x_wconf 86' lang='lat' dir='ltr'>priuilegiornm</span> <span class='ocrx_word' id='word_1_63' title='bbox 825 1704 1069 1786; x_wconf 81' lang='lat' dir='ltr'>superintendit,</span> <span class='ocrx_word' id='word_1_64' title='bbox 1099 1723 1210 1770; x_wconf 86' lang='lat' dir='ltr'>earum</span> <span class='ocrx_word' id='word_1_65' title='bbox 1232 1706 1359 1770; x_wconf 83' lang='lat' dir='ltr'>urbium</span> 
     </span>
     <span class='ocr_line' id='line_1_11' title="bbox 57 1816 1358 1901; baseline 0.002 -20"><span class='ocrx_word' id='word_1_66' title='bbox 57 1818 238 1899; x_wconf 82' lang='lat' dir='ltr'>presertim,</span> <span class='ocrx_word' id='word_1_67' title='bbox 263 1836 324 1898; x_wconf 91' lang='lat' dir='ltr'>que</span> <span class='ocrx_word' id='word_1_68' title='bbox 348 1822 423 1880; x_wconf 91' lang='lat' dir='ltr'>sunt</span> <span class='ocrx_word' id='word_1_69' title='bbox 445 1816 542 1881; x_wconf 88' lang='lat' dir='ltr'>decus</span> <span class='ocrx_word' id='word_1_70' title='bbox 558 1816 650 1897; x_wconf 80' lang='lat' dir='ltr'>regni</span> <span class='ocrx_word' id='word_1_71' title='bbox 667 1822 778 1881; x_wconf 91' lang='grc'><strong>61666</strong></span> <span class='ocrx_word' id='word_1_72' title='bbox 794 1818 964 1882; x_wconf 89' lang='lat' dir='ltr'>mediocris</span> <span class='ocrx_word' id='word_1_73' title='bbox 987 1824 1128 1897; x_wconf 87' lang='lat' dir='ltr'>omatus,</span> <span class='ocrx_word' id='word_1_74' title='bbox 1152 1836 1214 1901; x_wconf 91' lang='lat' dir='ltr'>que</span> <span class='ocrx_word' id='word_1_75' title='bbox 1230 1837 1358 1901; x_wconf 89' lang='lat' dir='ltr'>quoque</span> 
     </span>
     <span class='ocr_line' id='line_1_12' title="bbox 57 1926 1358 2010; baseline 0.002 -16"><span class='ocrx_word' id='word_1_76' title='bbox 57 1931 144 1994; x_wconf 77' lang='lat' dir='ltr'>(linis</span> <span class='ocrx_word' id='word_1_77' title='bbox 168 1928 423 1993; x_wconf 81' lang='lat' dir='ltr'>antecessoribus</span> <span class='ocrx_word' id='word_1_78' title='bbox 446 1927 565 1992; x_wconf 88' lang='lat' dir='ltr'>nostris</span> <span class='ocrx_word' id='word_1_79' title='bbox 588 1927 621 1991; x_wconf 91' lang='lat' dir='ltr'>in</span> <span class='ocrx_word' id='word_1_80' title='bbox 644 1927 730 1992; x_wconf 92' lang='lat' dir='ltr'>omni</span> <span class='ocrx_word' id='word_1_81' title='bbox 759 1926 914 1993; x_wconf 87' lang='lat' dir='ltr'>fidelitate</span> <span class='ocrx_word' id='word_1_82' title='bbox 937 1947 994 2010; x_wconf 90' lang='lat' dir='ltr'>pro</span> <span class='ocrx_word' id='word_1_83' title='bbox 1018 1929 1086 1993; x_wconf 89' lang='lat' dir='ltr'>suis</span> <span class='ocrx_word' id='word_1_84' title='bbox 1108 1929 1231 1995; x_wconf 87' lang='lat' dir='ltr'>viribus</span> <span class='ocrx_word' id='word_1_85' title='bbox 1260 1930 1358 1996; x_wconf 88' lang='lat' dir='ltr'>adbe-</span> 
     </span>
     <span class='ocr_line' id='line_1_13' title="bbox 56 2040 1358 2125; baseline 0.001 -20"><span class='ocrx_word' id='word_1_86' title='bbox 56 2050 179 2122; x_wconf 89' lang='lat' dir='ltr'>sernnt,</span> <span class='ocrx_word' id='word_1_87' title='bbox 203 2043 330 2125; x_wconf 90' lang='lat' dir='ltr'>qualem</span> <span class='ocrx_word' id='word_1_88' title='bbox 352 2048 547 2124; x_wconf 78' lang='lat' dir='ltr'>prestantem</span> <span class='ocrx_word' id='word_1_89' title='bbox 566 2042 676 2106; x_wconf 88' lang='lat' dir='ltr'>vrbem</span> <span class='ocrx_word' id='word_1_90' title='bbox 692 2040 847 2105; x_wconf 84' lang='lat' dir='ltr'>Maiorem</span> <span class='ocrx_word' id='word_1_91' title='bbox 870 2041 1034 2106; x_wconf 85' lang='lat' dir='ltr'>ciuitatem</span> <span class='ocrx_word' id='word_1_92' title='bbox 1048 2042 1250 2123; x_wconf 85' lang='lat' dir='ltr'>Pnagensem,</span> <span class='ocrx_word' id='word_1_93' title='bbox 1267 2043 1358 2124; x_wconf 79' lang='lat' dir='ltr'>regni</span> 
     </span>
     <span class='ocr_line' id='line_1_14' title="bbox 57 2153 1358 2237; baseline 0.001 -19"><span class='ocrx_word' id='word_1_94' title='bbox 57 2162 154 2237; x_wconf 83' lang='lat' dir='ltr'>eaput</span> <span class='ocrx_word' id='word_1_95' title='bbox 183 2162 216 2221; x_wconf 89' lang='lat' dir='ltr'>et</span> <span class='ocrx_word' id='word_1_96' title='bbox 245 2155 353 2220; x_wconf 88' lang='lat' dir='ltr'>sedem</span> <span class='ocrx_word' id='word_1_97' title='bbox 383 2153 471 2235; x_wconf 83' lang='lat' dir='ltr'>regie</span> <span class='ocrx_word' id='word_1_98' title='bbox 494 2155 682 2233; x_wconf 88' lang='lat' dir='ltr'>maiestatis,</span> <span class='ocrx_word' id='word_1_99' title='bbox 706 2155 840 2235; x_wconf 90' lang='lat' dir='ltr'>eiusque</span> <span class='ocrx_word' id='word_1_100' title='bbox 872 2154 960 2220; x_wconf 87' lang='lat' dir='ltr'>eines</span> <span class='ocrx_word' id='word_1_101' title='bbox 992 2158 1025 2220; x_wconf 87' lang='lat' dir='ltr'>et</span> <span class='ocrx_word' id='word_1_102' title='bbox 1055 2155 1176 2220; x_wconf 88' lang='lat' dir='ltr'>incolas</span> <span class='ocrx_word' id='word_1_103' title='bbox 1200 2173 1271 2220; x_wconf 90' lang='lat' dir='ltr'>esse</span> <span class='ocrx_word' id='word_1_104' title='bbox 1295 2175 1358 2219; x_wconf 91' lang='lat' dir='ltr'>non</span> 
     </span>
     <span class='ocr_line' id='line_1_15' title="bbox 57 2267 1358 2349; baseline 0 -19"><span class='ocrx_word' id='word_1_105' title='bbox 57 2268 260 2348; x_wconf 81' lang='lat' dir='ltr'>ambigimus,</span> <span class='ocrx_word' id='word_1_106' title='bbox 284 2268 338 2349; x_wconf 91' lang='lat' dir='ltr'>qui</span> <span class='ocrx_word' id='word_1_107' title='bbox 362 2267 490 2347; x_wconf 87' lang='lat' dir='ltr'>quidem</span> <span class='ocrx_word' id='word_1_108' title='bbox 513 2272 637 2348; x_wconf 89' lang='lat' dir='ltr'>promto</span> <span class='ocrx_word' id='word_1_109' title='bbox 660 2272 771 2349; x_wconf 89' lang='lat' dir='ltr'>parato</span> <span class='ocrx_word' id='word_1_110' title='bbox 795 2271 828 2332; x_wconf 89' lang='lat' dir='ltr'>et</span> <span class='ocrx_word' id='word_1_111' title='bbox 850 2268 1070 2349; x_wconf 88' lang='lat' dir='ltr'>perseueranti</span> <span class='ocrx_word' id='word_1_112' title='bbox 1102 2268 1208 2332; x_wconf 89' lang='lat' dir='ltr'>animo</span> <span class='ocrx_word' id='word_1_113' title='bbox 1232 2286 1358 2348; x_wconf 89' lang='lat' dir='ltr'>semper</span> 
     </span>
     <span class='ocr_line' id='line_1_16' title="bbox 58 2378 1356 2462; baseline -0.001 -18"><span class='ocrx_word' id='word_1_114' title='bbox 58 2381 197 2445; x_wconf 91' lang='lat' dir='ltr'>dominis</span> <span class='ocrx_word' id='word_1_115' title='bbox 220 2381 287 2443; x_wconf 92' lang='lat' dir='ltr'>suis</span> <span class='ocrx_word' id='word_1_116' title='bbox 310 2379 449 2444; x_wconf 89' lang='lat' dir='ltr'>fideliter</span> <span class='ocrx_word' id='word_1_117' title='bbox 477 2379 664 2459; x_wconf 83' lang='lat' dir='ltr'>militarunt,</span> <span class='ocrx_word' id='word_1_118' title='bbox 696 2379 788 2445; x_wconf 92' lang='lat' dir='ltr'>nobis</span> <span class='ocrx_word' id='word_1_119' title='bbox 811 2398 939 2462; x_wconf 89' lang='lat' dir='ltr'>quoque</span> <span class='ocrx_word' id='word_1_120' title='bbox 968 2399 1032 2445; x_wconf 93' lang='lat' dir='ltr'>non</span> <span class='ocrx_word' id='word_1_121' title='bbox 1055 2378 1169 2444; x_wconf 90' lang='lat' dir='ltr'>minori</span> <span class='ocrx_word' id='word_1_122' title='bbox 1192 2379 1356 2458; x_wconf 88' lang='lat' dir='ltr'>fidelitate,</span> 
     </span>
     <span class='ocr_line' id='line_1_17' title="bbox 58 2490 1357 2574; baseline -0.001 -18"><span class='ocrx_word' id='word_1_123' title='bbox 58 2492 154 2556; x_wconf 88' lang='lat' dir='ltr'>hilari</span> <span class='ocrx_word' id='word_1_124' title='bbox 177 2497 210 2555; x_wconf 91' lang='lat' dir='ltr'>et</span> <span class='ocrx_word' id='word_1_125' title='bbox 231 2491 367 2556; x_wconf 90' lang='lat' dir='ltr'>iocundo</span> <span class='ocrx_word' id='word_1_126' title='bbox 398 2491 503 2555; x_wconf 90' lang='lat' dir='ltr'>animo</span> <span class='ocrx_word' id='word_1_127' title='bbox 534 2491 698 2571; x_wconf 88' lang='lat' dir='ltr'>assistunt,</span> <span class='ocrx_word' id='word_1_128' title='bbox 728 2496 763 2556; x_wconf 87' lang='lat' dir='ltr'>vt</span> <span class='ocrx_word' id='word_1_129' title='bbox 786 2492 869 2557; x_wconf 86' lang='lat' dir='ltr'>iusto</span> <span class='ocrx_word' id='word_1_130' title='bbox 900 2496 933 2556; x_wconf 90' lang='lat' dir='ltr'>et</span> <span class='ocrx_word' id='word_1_131' title='bbox 955 2492 1063 2557; x_wconf 92' lang='lat' dir='ltr'>debito</span> <span class='ocrx_word' id='word_1_132' title='bbox 1084 2491 1218 2574; x_wconf 90' lang='lat' dir='ltr'>premio,</span> <span class='ocrx_word' id='word_1_133' title='bbox 1249 2490 1357 2556; x_wconf 90' lang='lat' dir='ltr'>robori</span> 
     </span>
     <span class='ocr_line' id='line_1_18' title="bbox 56 2604 1357 2686; baseline -0.001 -17"><span class='ocrx_word' id='word_1_134' title='bbox 56 2612 90 2669; x_wconf 87' lang='lat' dir='ltr'>et</span> <span class='ocrx_word' id='word_1_135' title='bbox 113 2604 256 2668; x_wconf 88' lang='lat' dir='ltr'>firmitati</span> <span class='ocrx_word' id='word_1_136' title='bbox 286 2604 480 2682; x_wconf 90' lang='lat' dir='ltr'>libertatum,</span> <span class='ocrx_word' id='word_1_137' title='bbox 512 2605 754 2668; x_wconf 81' lang='lat' dir='ltr'>concessionum</span> <span class='ocrx_word' id='word_1_138' title='bbox 776 2608 809 2668; x_wconf 92' lang='grc'>61</span> <span class='ocrx_word' id='word_1_139' title='bbox 831 2604 1042 2670; x_wconf 87' lang='lat' dir='ltr'>donacionum</span> <span class='ocrx_word' id='word_1_140' title='bbox 1069 2605 1211 2686; x_wconf 90' lang='lat' dir='ltr'>ipsorum</span> <span class='ocrx_word' id='word_1_141' title='bbox 1232 2604 1357 2685; x_wconf 92' lang='lat' dir='ltr'>prospi-</span> 
     </span>
     <span class='ocr_line' id='line_1_19' title="bbox 56 2714 1357 2798; baseline 0.001 -17"><span class='ocrx_word' id='word_1_142' title='bbox 56 2736 130 2781; x_wconf 90' lang='lat' dir='ltr'>cere</span> <span class='ocrx_word' id='word_1_143' title='bbox 152 2722 328 2781; x_wconf 85' lang='lat' dir='ltr'>teneamur.</span> <span class='ocrx_word' id='word_1_144' title='bbox 373 2714 455 2780; x_wconf 83' lang='lat' dir='ltr'>Sane</span> <span class='ocrx_word' id='word_1_145' title='bbox 479 2716 587 2798; x_wconf 87' lang='lat' dir='ltr'>itaque</span> <span class='ocrx_word' id='word_1_146' title='bbox 610 2717 813 2781; x_wconf 83' lang='lat' dir='ltr'>honorabiles</span> <span class='ocrx_word' id='word_1_147' title='bbox 835 2718 988 2795; x_wconf 71' lang='lat' dir='ltr'>monister-</span> <span class='ocrx_word' id='word_1_148' title='bbox 1011 2717 1139 2797; x_wconf 89' lang='lat' dir='ltr'>cinium,</span> <span class='ocrx_word' id='word_1_149' title='bbox 1172 2717 1357 2783; x_wconf 81' lang='lat' dir='ltr'>consulatus</span> 
     </span>
     <span class='ocr_line' id='line_1_20' title="bbox 56 2827 1357 2912; baseline 0.002 -19"><span class='ocrx_word' id='word_1_150' title='bbox 56 2836 90 2893; x_wconf 92' lang='grc'>61</span> <span class='ocrx_word' id='word_1_151' title='bbox 110 2830 209 2911; x_wconf 86' lang='lat' dir='ltr'>jurati</span> <span class='ocrx_word' id='word_1_152' title='bbox 225 2829 309 2893; x_wconf 91' lang='lat' dir='ltr'>dicte</span> <span class='ocrx_word' id='word_1_153' title='bbox 326 2827 458 2892; x_wconf 87' lang='lat' dir='ltr'>Maioris</span> <span class='ocrx_word' id='word_1_154' title='bbox 482 2829 622 2893; x_wconf 89' lang='lat' dir='ltr'>ciuitatis</span> <span class='ocrx_word' id='word_1_155' title='bbox 638 2830 808 2910; x_wconf 81' lang='lat' dir='ltr'>ngcnsis</span> <span class='ocrx_word' id='word_1_156' title='bbox 828 2830 992 2894; x_wconf 87' lang='lat' dir='ltr'>constituti</span> <span class='ocrx_word' id='word_1_157' title='bbox 1016 2831 1048 2894; x_wconf 92' lang='lat' dir='ltr'>in</span> <span class='ocrx_word' id='word_1_158' title='bbox 1065 2831 1231 2912; x_wconf 89' lang='lat' dir='ltr'>presencia</span> <span class='ocrx_word' id='word_1_159' title='bbox 1246 2840 1357 2896; x_wconf 89' lang='lat' dir='ltr'>nostra</span> 
     </span>
     <span class='ocr_line' id='line_1_21' title="bbox 56 2941 1357 3026; baseline 0.002 -21"><span class='ocrx_word' id='word_1_160' title='bbox 56 2962 116 3006; x_wconf 90' lang='lat' dir='ltr'>suo</span> <span class='ocrx_word' id='word_1_161' title='bbox 134 2948 167 3008; x_wconf 91' lang='lat' dir='ltr'>et</span> <span class='ocrx_word' id='word_1_162' title='bbox 181 2943 284 3005; x_wconf 90' lang='grc'><strong>166166</strong></span> <span class='ocrx_word' id='word_1_163' title='bbox 300 2941 536 3007; x_wconf 86' lang='lat' dir='ltr'>communitatis</span> <span class='ocrx_word' id='word_1_164' title='bbox 553 2942 680 3005; x_wconf 91' lang='lat' dir='ltr'>nomine</span> <span class='ocrx_word' id='word_1_165' title='bbox 696 2941 788 3006; x_wconf 91' lang='lat' dir='ltr'>nobis</span> <span class='ocrx_word' id='word_1_166' title='bbox 810 2941 975 3006; x_wconf 89' lang='lat' dir='ltr'>humiliter</span> <span class='ocrx_word' id='word_1_167' title='bbox 991 2943 1261 3024; x_wconf 89' lang='lat' dir='ltr'>supplicauerunt,</span> <span class='ocrx_word' id='word_1_168' title='bbox 1280 2964 1357 3026; x_wconf 88' lang='lat' dir='ltr'>qua·</span> 
     </span>
     <span class='ocr_line' id='line_1_22' title="bbox 56 3053 1356 3137; baseline 0.001 -18"><span class='ocrx_word' id='word_1_169' title='bbox 56 3065 151 3120; x_wconf 88' lang='lat' dir='ltr'>tenus</span> <span class='ocrx_word' id='word_1_170' title='bbox 168 3056 207 3119; x_wconf 88' lang='lat' dir='ltr'>de</span> <span class='ocrx_word' id='word_1_171' title='bbox 224 3055 333 3118; x_wconf 87' lang='lat' dir='ltr'>innata</span> <span class='ocrx_word' id='word_1_172' title='bbox 354 3053 549 3133; x_wconf 83' lang='lat' dir='ltr'>benignitate</span> <span class='ocrx_word' id='word_1_173' title='bbox 574 3059 681 3117; x_wconf 88' lang='grc'><strong>666116</strong></span> <span class='ocrx_word' id='word_1_174' title='bbox 701 3053 781 3134; x_wconf 92' lang='lat' dir='ltr'>ipsis</span> <span class='ocrx_word' id='word_1_175' title='bbox 800 3054 986 3137; x_wconf 86' lang='lat' dir='ltr'>approbare,</span> <span class='ocrx_word' id='word_1_176' title='bbox 1010 3054 1178 3137; x_wconf 90' lang='lat' dir='ltr'>ratificare,</span> <span class='ocrx_word' id='word_1_177' title='bbox 1202 3058 1356 3120; x_wconf 90' lang='lat' dir='ltr'>innouarc</span> 
     </span>
     <span class='ocr_line' id='line_1_23' title="bbox 55 3165 1355 3248; baseline 0.001 -17"><span class='ocrx_word' id='word_1_178' title='bbox 55 3173 90 3231; x_wconf 88' lang='grc'>61</span> <span class='ocrx_word' id='word_1_179' title='bbox 114 3165 300 3230; x_wconf 84' lang='lat' dir='ltr'>confirmare</span> <span class='ocrx_word' id='word_1_180' title='bbox 324 3166 528 3246; x_wconf 68' lang='grc'><strong>(1166616661</strong></span> <span class='ocrx_word' id='word_1_181' title='bbox 551 3165 709 3246; x_wconf 80' lang='lat' dir='ltr'>quoddam</span> <span class='ocrx_word' id='word_1_182' title='bbox 733 3166 936 3247; x_wconf 74' lang='lat' dir='ltr'>priuilegium</span> <span class='ocrx_word' id='word_1_183' title='bbox 960 3167 1044 3248; x_wconf 82' lang='lat' dir='ltr'>olym</span> <span class='ocrx_word' id='word_1_184' title='bbox 1072 3169 1269 3233; x_wconf 90' lang='lat' dir='ltr'>serenissimi</span> <span class='ocrx_word' id='word_1_185' title='bbox 1294 3168 1355 3232; x_wconf 87' lang='lat' dir='ltr'>Ge·</span> 
     </span>
     <span class='ocr_line' id='line_1_24' title="bbox 54 3278 1356 3359; baseline 0.002 -18"><span class='ocrx_word' id='word_1_186' title='bbox 54 3279 150 3357; x_wconf 67' lang='grc'><strong>61611,</strong></span> <span class='ocrx_word' id='word_1_187' title='bbox 163 3278 315 3343; x_wconf 90' lang='lat' dir='ltr'>Bobemie</span> <span class='ocrx_word' id='word_1_188' title='bbox 332 3279 426 3358; x_wconf 82' lang='lat' dir='ltr'>regis,</span> <span class='ocrx_word' id='word_1_189' title='bbox 444 3278 655 3341; x_wconf 85' lang='lat' dir='ltr'>antecessoris</span> <span class='ocrx_word' id='word_1_190' title='bbox 669 3279 778 3356; x_wconf 85' lang='lat' dir='ltr'>nostri,</span> <span class='ocrx_word' id='word_1_191' title='bbox 795 3279 874 3358; x_wconf 88' lang='lat' dir='ltr'>ipsis</span> <span class='ocrx_word' id='word_1_192' title='bbox 891 3280 999 3342; x_wconf 92' lang='lat' dir='ltr'>datum</span> <span class='ocrx_word' id='word_1_193' title='bbox 1015 3284 1047 3343; x_wconf 91' lang='lat' dir='ltr'>et</span> <span class='ocrx_word' id='word_1_194' title='bbox 1062 3298 1248 3344; x_wconf 89' lang='lat' dir='ltr'>conoessum</span> <span class='ocrx_word' id='word_1_195' title='bbox 1260 3298 1356 3359; x_wconf 91' lang='lat' dir='ltr'>super</span> 
     </span>
     <span class='ocr_line' id='line_1_25' title="bbox 56 3390 1356 3471; baseline 0 -18"><span class='ocrx_word' id='word_1_196' title='bbox 56 3390 246 3454; x_wconf 88' lang='grc'><strong>6661661666</strong></span> <span class='ocrx_word' id='word_1_197' title='bbox 263 3396 295 3452; x_wconf 90' lang='grc'>61</span> <span class='ocrx_word' id='word_1_198' title='bbox 310 3390 493 3453; x_wconf 78' lang='lat' dir='ltr'>cassatione</span> <span class='ocrx_word' id='word_1_199' title='bbox 511 3408 662 3452; x_wconf 87' lang='lat' dir='ltr'>censuum</span> <span class='ocrx_word' id='word_1_200' title='bbox 677 3390 710 3452; x_wconf 95' lang='lat' dir='ltr'>in</span> <span class='ocrx_word' id='word_1_201' title='bbox 727 3391 874 3453; x_wconf 91' lang='lat' dir='ltr'>domibus</span> <span class='ocrx_word' id='word_1_202' title='bbox 890 3410 995 3455; x_wconf 87' lang='grc'><strong>66666</strong></span> <span class='ocrx_word' id='word_1_203' title='bbox 1010 3393 1162 3471; x_wconf 84' lang='lat' dir='ltr'>pensione</span> <span class='ocrx_word' id='word_1_204' title='bbox 1178 3396 1356 3471; x_wconf 88' lang='lat' dir='ltr'>emptorum</span> 
     </span>
     <span class='ocr_line' id='line_1_26' title="bbox 55 3500 1355 3584; baseline 0.001 -19"><span class='ocrx_word' id='word_1_205' title='bbox 55 3523 92 3566; x_wconf 87' lang='grc'>66</span> <span class='ocrx_word' id='word_1_206' title='bbox 117 3521 213 3582; x_wconf 90' lang='lat' dir='ltr'>super</span> <span class='ocrx_word' id='word_1_207' title='bbox 236 3500 440 3565; x_wconf 82' lang='lat' dir='ltr'>absolutionc</span> <span class='ocrx_word' id='word_1_208' title='bbox 464 3501 674 3581; x_wconf 74' lang='lat' dir='ltr'>obligationis</span> <span class='ocrx_word' id='word_1_209' title='bbox 697 3502 885 3577; x_wconf 80' lang='lat' dir='ltr'>debitorum,</span> <span class='ocrx_word' id='word_1_210' title='bbox 917 3510 1012 3584; x_wconf 87' lang='lat' dir='ltr'>prout</span> <span class='ocrx_word' id='word_1_211' title='bbox 1043 3504 1127 3568; x_wconf 89' lang='lat' dir='ltr'>idem</span> <span class='ocrx_word' id='word_1_212' title='bbox 1150 3505 1355 3584; x_wconf 68' lang='lat' dir='ltr'>priuilegium</span> 
     </span>
     <span class='ocr_line' id='line_1_27' title="bbox 56 3613 1354 3695; baseline 0.001 -17"><span class='ocrx_word' id='word_1_213' title='bbox 56 3615 175 3678; x_wconf 80' lang='lat' dir='ltr'>clarius</span> <span class='ocrx_word' id='word_1_214' title='bbox 193 3614 381 3678; x_wconf 88' lang='grc'><strong>6661166161</strong></span> <span class='ocrx_word' id='word_1_215' title='bbox 396 3613 544 3691; x_wconf 84' lang='lat' dir='ltr'>ostendit,</span> <span class='ocrx_word' id='word_1_216' title='bbox 562 3614 647 3695; x_wconf 88' lang='lat' dir='ltr'>quod</span> <span class='ocrx_word' id='word_1_217' title='bbox 662 3615 863 3694; x_wconf 87' lang='lat' dir='ltr'>presentibus</span> <span class='ocrx_word' id='word_1_218' title='bbox 886 3616 1003 3679; x_wconf 90' lang='lat' dir='ltr'>litteris</span> <span class='ocrx_word' id='word_1_219' title='bbox 1026 3617 1144 3680; x_wconf 89' lang='lat' dir='ltr'>nostris</span> <span class='ocrx_word' id='word_1_220' title='bbox 1167 3616 1265 3680; x_wconf 91' lang='lat' dir='ltr'>inseri</span> <span class='ocrx_word' id='word_1_221' title='bbox 1290 3618 1354 3679; x_wconf 89' lang='lat' dir='ltr'>ius·</span> 
     </span>
     <span class='ocr_line' id='line_1_28' title="bbox 55 3726 1354 3809; baseline 0 -19"><span class='ocrx_word' id='word_1_222' title='bbox 55 3729 157 3790; x_wconf 85' lang='lat' dir='ltr'>simus</span> <span class='ocrx_word' id='word_1_223' title='bbox 180 3732 212 3789; x_wconf 89' lang='lat' dir='ltr'>et</span> <span class='ocrx_word' id='word_1_224' title='bbox 234 3727 379 3807; x_wconf 88' lang='lat' dir='ltr'>sequitur</span> <span class='ocrx_word' id='word_1_225' title='bbox 401 3726 433 3788; x_wconf 93' lang='grc'>16</span> <span class='ocrx_word' id='word_1_226' title='bbox 457 3727 515 3790; x_wconf 89' lang='lat' dir='ltr'>hoc</span> <span class='ocrx_word' id='word_1_227' title='bbox 538 3727 651 3791; x_wconf 83' lang='lat' dir='ltr'>verba:</span> <span class='ocrx_word' id='word_1_228' title='bbox 676 3726 834 3807; x_wconf 73' lang='lat' dir='ltr'>Georgius</span> <span class='ocrx_word' id='word_1_229' title='bbox 856 3745 902 3792; x_wconf 86' lang='grc'>66.</span> <span class='ocrx_word' id='word_1_230' title='bbox 934 3728 1119 3808; x_wconf 81' lang='lat' dir='ltr'>(Nasleduje</span> <span class='ocrx_word' id='word_1_231' title='bbox 1141 3731 1236 3791; x_wconf 78' lang='lat' dir='ltr'>znenl</span> <span class='ocrx_word' id='word_1_232' title='bbox 1258 3728 1354 3809; x_wconf 88' lang='lat' dir='ltr'>privi-</span> 
     </span>
     <span class='ocr_line' id='line_1_29' title="bbox 57 3836 1355 3919; baseline 0.003 -20"><span class='ocrx_word' id='word_1_233' title='bbox 57 3839 141 3914; x_wconf 66' lang='grc'><strong>16616</strong></span> <span class='ocrx_word' id='word_1_234' title='bbox 165 3836 254 3900; x_wconf 83' lang='lat' dir='ltr'>lmale</span> <span class='ocrx_word' id='word_1_235' title='bbox 276 3836 380 3900; x_wconf 83' lang='lat' dir='ltr'>Jiilbo</span> <span class='ocrx_word' id='word_1_236' title='bbox 404 3839 433 3902; x_wconf 91' lang='lat' dir='ltr'>d.</span> <span class='ocrx_word' id='word_1_237' title='bbox 450 3858 468 3898; x_wconf 89' lang='lat' dir='ltr'>v</span> <span class='ocrx_word' id='word_1_238' title='bbox 485 3839 582 3902; x_wconf 85' lang='lat' dir='ltr'>Praro</span> <span class='ocrx_word' id='word_1_239' title='bbox 606 3840 667 3903; x_wconf 90' lang='lat' dir='ltr'>dne</span> <span class='ocrx_word' id='word_1_240' title='bbox 690 3842 720 3903; x_wconf 77' lang='lat'>2.</span> <span class='ocrx_word' id='word_1_241' title='bbox 737 3839 889 3903; x_wconf 78' lang='lat' dir='ltr'>dervense</span> <span class='ocrx_word' id='word_1_242' title='bbox 914 3841 997 3903; x_wconf 74' lang='grc'><strong>111111</strong></span> <span class='ocrx_word' id='word_1_243' title='bbox 1013 3841 1040 3906; x_wconf 77' lang='lat' dir='ltr'>d.</span> <span class='ocrx_word' id='word_1_244' title='bbox 1060 3842 1144 3911; x_wconf 75' lang='lat' dir='ltr'>Ibo.)</span> <span class='ocrx_word' id='word_1_245' title='bbox 1167 3839 1234 3905; x_wconf 89' lang='lat' dir='ltr'>Nos</span> <span class='ocrx_word' id='word_1_246' title='bbox 1258 3841 1355 3919; x_wconf 79' lang='lat' dir='ltr'>igitur</span> 
     </span>
     <span class='ocr_line' id='line_1_30' title="bbox 54 3949 1354 4034; baseline 0.002 -21"><span class='ocrx_word' id='word_1_247' title='bbox 54 3949 258 4013; x_wconf 83' lang='lat' dir='ltr'>considerata</span> <span class='ocrx_word' id='word_1_248' title='bbox 281 3950 381 4030; x_wconf 91' lang='lat' dir='ltr'>ipsius</span> <span class='ocrx_word' id='word_1_249' title='bbox 405 3949 537 4014; x_wconf 82' lang='lat' dir='ltr'>llaioris</span> <span class='ocrx_word' id='word_1_250' title='bbox 562 3952 701 4015; x_wconf 85' lang='lat' dir='ltr'>ciuitatis</span> <span class='ocrx_word' id='word_1_251' title='bbox 725 3960 832 4016; x_wconf 87' lang='lat' dir='ltr'>nostre</span> <span class='ocrx_word' id='word_1_252' title='bbox 863 3953 1033 4031; x_wconf 64' lang='grc'><strong>1161166616</strong></span> <span class='ocrx_word' id='word_1_253' title='bbox 1061 3955 1240 4034; x_wconf 84' lang='lat' dir='ltr'>inprompto</span> <span class='ocrx_word' id='word_1_254' title='bbox 1263 3951 1354 4016; x_wconf 89' lang='lat' dir='ltr'>obse·</span> 
     </span>
     <span class='ocr_line' id='line_1_31' title="bbox 55 4061 1355 4144; baseline 0.002 -19"><span class='ocrx_word' id='word_1_255' title='bbox 55 4061 183 4144; x_wconf 78' lang='lat' dir='ltr'>quendo</span> <span class='ocrx_word' id='word_1_256' title='bbox 211 4063 327 4125; x_wconf 86' lang='lat' dir='ltr'>nostris</span> <span class='ocrx_word' id='word_1_257' title='bbox 351 4064 607 4127; x_wconf 85' lang='lat' dir='ltr'>antecessoribus</span> <span class='ocrx_word' id='word_1_258' title='bbox 630 4065 786 4144; x_wconf 89' lang='lat' dir='ltr'>nobisque</span> <span class='ocrx_word' id='word_1_259' title='bbox 809 4066 1029 4144; x_wconf 88' lang='lat' dir='ltr'>perseueranti</span> <span class='ocrx_word' id='word_1_260' title='bbox 1053 4066 1240 4130; x_wconf 88' lang='lat' dir='ltr'>obediencia</span> <span class='ocrx_word' id='word_1_261' title='bbox 1259 4065 1355 4130; x_wconf 93' lang='grc'><strong>6116-</strong></span> 
     </span>
     <span class='ocr_line' id='line_1_32' title="bbox 54 4174 1355 4256; baseline 0.003 -17"><span class='ocrx_word' id='word_1_262' title='bbox 54 4174 451 4251; x_wconf 71' lang='grc'><strong>166161111666166616116</strong></span> <span class='ocrx_word' id='word_1_263' title='bbox 482 4174 678 4256; x_wconf 84' lang='lat' dir='ltr'>prefatorum</span> <span class='ocrx_word' id='word_1_264' title='bbox 702 4178 846 4256; x_wconf 74' lang='lat' dir='ltr'>magistri</span> <span class='ocrx_word' id='word_1_265' title='bbox 867 4178 994 4255; x_wconf 81' lang='lat' dir='ltr'>ciuium,</span> <span class='ocrx_word' id='word_1_266' title='bbox 1020 4178 1186 4242; x_wconf 83' lang='lat' dir='ltr'>consulum</span> <span class='ocrx_word' id='word_1_267' title='bbox 1212 4183 1245 4242; x_wconf 90' lang='lat' dir='ltr'>et</span> <span class='ocrx_word' id='word_1_268' title='bbox 1271 4178 1355 4243; x_wconf 89' lang='lat' dir='ltr'>iura·</span> 
     </span>
     <span class='ocr_line' id='line_1_33' title="bbox 54 4287 1356 4370; baseline 0.004 -20"><span class='ocrx_word' id='word_1_269' title='bbox 54 4296 161 4351; x_wconf 93' lang='lat' dir='ltr'>torum</span> <span class='ocrx_word' id='word_1_270' title='bbox 189 4287 330 4350; x_wconf 88' lang='lat' dir='ltr'>ciuitatis</span> <span class='ocrx_word' id='word_1_271' title='bbox 361 4288 504 4351; x_wconf 89' lang='lat' dir='ltr'>eiusdem</span> <span class='ocrx_word' id='word_1_272' title='bbox 535 4289 679 4368; x_wconf 67' lang='lat' dir='ltr'>graciose</span> <span class='ocrx_word' id='word_1_273' title='bbox 709 4290 888 4367; x_wconf 90' lang='lat' dir='ltr'>annuimus,</span> <span class='ocrx_word' id='word_1_274' title='bbox 913 4295 946 4353; x_wconf 91' lang='lat' dir='ltr'>et</span> <span class='ocrx_word' id='word_1_275' title='bbox 969 4308 1031 4354; x_wconf 93' lang='lat' dir='ltr'>non</span> <span class='ocrx_word' id='word_1_276' title='bbox 1053 4310 1111 4370; x_wconf 90' lang='lat' dir='ltr'>per</span> <span class='ocrx_word' id='word_1_277' title='bbox 1132 4310 1274 4356; x_wconf 90' lang='lat' dir='ltr'>errorem</span> <span class='ocrx_word' id='word_1_278' title='bbox 1301 4296 1356 4356; x_wconf 91' lang='lat' dir='ltr'>aut</span> 
     </span>
     <span class='ocr_line' id='line_1_34' title="bbox 54 4399 1354 4483; baseline 0.004 -21"><span class='ocrx_word' id='word_1_279' title='bbox 54 4399 245 4480; x_wconf 91' lang='lat' dir='ltr'>improuide,</span> <span class='ocrx_word' id='word_1_280' title='bbox 270 4401 325 4463; x_wconf 91' lang='lat' dir='ltr'>sed</span> <span class='ocrx_word' id='word_1_281' title='bbox 349 4401 452 4463; x_wconf 83' lang='lat' dir='ltr'>animo</span> <span class='ocrx_word' id='word_1_282' title='bbox 477 4400 662 4475; x_wconf 79' lang='lat' dir='ltr'>deliberato,</span> <span class='ocrx_word' id='word_1_283' title='bbox 688 4420 764 4466; x_wconf 91' lang='grc'><strong>6666</strong></span> <span class='ocrx_word' id='word_1_284' title='bbox 787 4403 976 4482; x_wconf 82' lang='lat' dir='ltr'>principum,</span> <span class='ocrx_word' id='word_1_285' title='bbox 996 4421 1162 4483; x_wconf 88' lang='lat' dir='ltr'>procerum</span> <span class='ocrx_word' id='word_1_286' title='bbox 1178 4404 1354 4468; x_wconf 88' lang='lat' dir='ltr'>aliorumve</span> 
     </span>
     <span class='ocr_line' id='line_1_35' title="bbox 51 4510 1354 4596; baseline 0.004 -21"><span class='ocrx_word' id='word_1_287' title='bbox 51 4520 238 4575; x_wconf 86' lang='lat' dir='ltr'>nostrorum</span> <span class='ocrx_word' id='word_1_288' title='bbox 261 4510 403 4576; x_wconf 88' lang='lat' dir='ltr'>fidelium</span> <span class='ocrx_word' id='word_1_289' title='bbox 426 4513 596 4577; x_wconf 87' lang='lat' dir='ltr'>accedente</span> <span class='ocrx_word' id='word_1_290' title='bbox 621 4514 765 4592; x_wconf 89' lang='lat' dir='ltr'>consilio,</span> <span class='ocrx_word' id='word_1_291' title='bbox 789 4515 828 4577; x_wconf 90' lang='lat' dir='ltr'>de</span> <span class='ocrx_word' id='word_1_292' title='bbox 848 4520 934 4578; x_wconf 84' lang='lat' dir='ltr'>certa</span> <span class='ocrx_word' id='word_1_293' title='bbox 950 4521 1059 4580; x_wconf 91' lang='lat' dir='ltr'>nostra</span> <span class='ocrx_word' id='word_1_294' title='bbox 1075 4517 1222 4596; x_wconf 86' lang='lat' dir='ltr'>sciencia,</span> <span class='ocrx_word' id='word_1_295' title='bbox 1246 4522 1354 4581; x_wconf 89' lang='grc'><strong>66616-</strong></span> 
     </span>
    </p>
   </div>
   <div class='ocr_carea' id='block_1_5' title="bbox 0 0 1538 5160">
    <p class='ocr_par' dir='ltr' id='par_1_5' title="bbox 0 0 1538 5160">
     <span class='ocr_line' id='line_1_36' title="bbox 0 0 1538 5160; baseline 0 1"><span class='ocrx_word' id='word_1_296' title='bbox 0 0 1538 5160; x_wconf 95' lang='lat' dir='ltr'> </span> 
     </span>
    </p>
   </div>
  </div>
 </body>
</html>
