3068 5160
194 368 257 431 730
808 342 883 393 1461.

194 571 314 640 gehoren
326 563 379 617 und
393 578 422 630 sy
435 573 522 613 zuuor
539 557 622 610 innan
640 551 749 620 gehabt,
768 549 859 604 sambt
877 546 950 601 allen
969 544 1117 600 derselben
1136 545 1198 598 ein·
1214 543 1277 598 vnd
1292 544 1510 612 zuegehorungcn

196 659 360 719 wiederumb
378 656 508 724 eingeben
525 650 580 704 und
598 645 797 702 verschrieben.
832 643 934 697 Datum
952 640 1023 707 ng
1042 639 1188 707 dienatags
1211 639 1292 692 nach
1314 637 1394 692 allen
1411 639 1510 706 heiligon

196 774 267 813 anno
288 756 378 808 1436.l

758 879 823 963 Cis.
854 895 928 960 354.

589 1037 693 1108 1459.
727 1035 786 1104 19.
809 1034 937 1102 ledna
968 1029 1103 1098 Praha.

196 1205 280 1268 Kra'l
301 1201 370 1266 Jiri
401 1199 542 1282 zopisujc
574 1196 743 1256 mcifocdm
772 1189 899 1254 Nouclro
931 1190 1027 1249 mesta
1048 1184 1238 1249 Protomae
1273 1187 1325 1250 do
1365 1210 1399 1250 re
1431 1187 1509 1250 orriri

512 1307 618 1372 orado
645 1300 897 1390 Vydchradclcffro
919 1324 938 1364 c
960 1300 1025 1362 500
1047 1299 1180 1383 kopcco.

302 1470 474 1554 [Georgius
496 1466 548 1531 dei
565 1463 674 1546 gracia
684 1461 838 1527 Bohemie
854 1458 922 1541 rex]
947 1509 955 1525 .
980 1507 987 1523 .
1011 1504 1019 1521 .
1042 1460 1154 1521 nostre
1171 1475 1323 1523 munere
1346 1458 1502 1540 plurimm

199 1584 413 1647 fortunentur.
456 1578 524 1644 Nos
547 1576 749 1642 attendentes
773 1563 897 1637 ciuibus
920 1576 953 1636 et
973 1568 1216 1634 habitatoribus
1241 1569 1347 1637 Nouo
1380 1572 1501 1636 ciuitatis

199 1695 379 1775 Pragensia
410 1690 559 1757 fidelibus
590 1689 711 1754 nostris
733 1685 871 1765 dilectis,
902 1701 966 1748 non
988 1682 1119 1748 minima
1141 1683 1315 1750 accedere
1346 1692 1499 1751 crementa

201 1807 229 1871 si
244 1817 300 1871 eos
316 1805 357 1869 ob
370 1804 554 1869 continuata
567 1819 745 1883 magnaque
758 1802 792 1865 ct
801 1796 909 1863 fidelia
924 1794 1016 1861 nobis
1031 1800 1064 1859 et
1078 1794 1386 1875 predecessoribus
1401 1797 1498 1862 nostri<

201 1916 344 1982 exhibita
366 1915 521 1997 obsequia
536 1919 628 1996 grata
642 1910 864 1978 uicissitudine
887 1907 1121 1989 proueniamus
1145 1925 1214 1988 quo
1240 1928 1427 1988 murorum,
1446 1918 1496 1974 tur-

199 2031 282 2096 rium
305 2035 339 2096 ct
359 2028 538 2094 meuiorum
573 2026 773 2105 aliarumque
803 2022 888 2087 dicte
910 2020 1050 2087 ciuitatis
1080 2020 1317 2088 municionum
1342 2024 1426 2088 clara
1444 2022 1494 2086 edi·

198 2143 272 2209 ficia
299 2142 432 2208 reficere
464 2140 607 2222 possint,
646 2137 746 2219 igitur
774 2154 839 2200 non
868 2153 927 2216 per
956 2151 1096 2199 errorem
1128 2137 1187 2197 aut
1217 2133 1420 2218 improuide
1446 2132 1486 2197 sul

199 2256 387 2332 deliberate,
411 2272 488 2319 sano
504 2269 670 2334 procerum
687 2253 720 2313 et
734 2247 877 2312 fidelium
899 2252 1080 2312 nostrorum
1095 2246 1282 2313 accedente
1309 2244 1478 2337 consilium

199 2375 287 2434 certa
316 2371 427 2431 nostra
456 2365 604 2442 sciencia,
628 2362 817 2427 auctoritate
846 2360 937 2442 regia
965 2358 1059 2424 dictis
1085 2358 1214 2423 ciuibus
1239 2362 1480 2446 impignoranm.

199 2480 377 2561 obligamus
400 2484 433 2542 et
454 2476 658 2542 inscribimus
681 2475 714 2538 in
737 2473 921 2556 quingentis
951 2471 1118 2552 sexagenis
1147 2489 1353 2551 grossorum
1371 2475 1483 2552 fragru-

171 2580 176 2589 ’
200 2593 283 2656 sium
315 2590 500 2654 theloneum
533 2590 677 2650 nostrum
706 2588 740 2650 in
769 2591 863 2668 porta
884 2585 981 2650 castri
1011 2583 1112 2649 nostri
1134 2579 1486 2667 Wyssegradensisol

201 2720 333 2783 presens
357 2701 441 2764 solui
465 2703 661 2777 consuetum,
685 2700 731 2763 ita
753 2703 788 2763 ut
809 2698 945 2780 predicti
968 2699 1056 2764 ciues
1078 2716 1116 2763 eo
1132 2701 1281 2779 utantur,
1307 2700 1448 2765 fruantur
1465 2708 1487 2756 u

137 2880 146 2899 ‚
200 2815 240 2878 ad
262 2831 339 2877 usus
355 2812 497 2877 ciuitatis
521 2812 584 2876 iam
600 2811 684 2875 dicte
700 2812 834 2893 eiusque
849 2811 1018 2876 utilitatem
1038 2816 1230 2876 conuertant
1244 2814 1378 2896 absque
1393 2809 1489 2895 quoni<

200 2931 308 2990 nostro
331 2929 387 2988 aut
408 2929 589 2988 nostrorum
605 2923 758 2989 heredum
775 2928 808 2988 et
822 2942 1042 2990 successorum
1065 2923 1314 3005 impedimento,
1340 2927 1415 2991 dum
1429 2939 1488 2986 rem

199 3055 257 3103 nos
281 3042 337 3101 aut
357 3053 559 3101 successores
582 3042 718 3116 nostros,
749 3054 843 3117 reges
864 3035 1028 3116 Bohemie‚
1058 3036 1213 3118 predictis
1238 3038 1374 3103 ciuibus
1397 3042 1427 3102 et
1446 3035 1489 3097 ho·

199 3149 389 3216 bitatoribus
412 3154 468 3213 aut
490 3167 601 3213 eorum
624 3148 864 3214 successoribus
886 3167 1042 3214 summam
1068 3147 1225 3230 prefatam
1249 3151 1487 3232 quingentarum

198 3281 428 3344 sexagenorum
444 3280 628 3343 grossorum
643 3262 771 3326 nomine
786 3261 996 3327 redemtionis
1012 3262 1205 3340 dederimus
1218 3263 1487 3327 numerauerimus

196 3381 229 3440 et
239 3374 500 3457 persoluerirnus,
517 3379 633 3437 extunc
648 3373 832 3438 theloneum
847 3374 951 3455 ipsum
967 3373 1059 3437 nobis
1072 3380 1105 3437 et
1116 3374 1367 3439 successoribus
1384 3373 1485 3439 nostris

196 3488 333 3552 liberum
356 3486 451 3551 debet
471 3504 542 3550 esse
566 3491 598 3549 et
621 3485 774 3566 quietum.
797 3485 987 3550 Mandemus
1010 3486 1110 3566 igitur
1132 3484 1281 3551 omnibus
1307 3485 1488 3552 officialibus

196 3601 325 3678 nostris
348 3618 389 3663 ne
411 3598 573 3678 predictos
597 3597 685 3662 ciues
708 3598 741 3662 in
763 3597 960 3680 recepcione‚
982 3597 1148 3663 leuacione
1170 3602 1203 3660 et
1225 3597 1400 3663 usufructu
1424 3594 1486 3661 diui

196 3710 336 3776 thelonei
362 3711 585 3793 quoquomodo
608 3711 793 3793 impediant,
818 3710 874 3775 sed
896 3710 1019 3792 pocius,
1042 3714 1078 3773 ut
1100 3715 1243 3774 nostram
1265 3708 1396 3792 fugiant
1418 3708 1487 3774 inli-

195 3824 393 3904 gnacionem,
425 3824 546 3888 eisdem
577 3823 686 3903 libere,
722 3823 829 3905 quiete
852 3827 885 3887 et
905 3821 1037 3905 pacifice
1060 3822 1120 3886 hac
1142 3827 1254 3886 nostra
1277 3823 1486 3889 concessione.

196 3936 470 4017 impignoracione
500 3940 533 3999 ct
562 3936 775 4017 inscripcioue
806 3936 861 4015 uti,
890 3934 953 3999 frui
982 3940 1016 4000 et
1045 3936 1185 4016 gaudere
1215 3937 1417 4016 permittant.
1458 3933 1485 3996 lu

196 4066 333 4128 quorum
356 4048 451 4112 fidem
473 4049 532 4112 has
554 4054 680 4113 nostras
703 4048 815 4114 literas
831 4047 900 4113 fieri
917 4055 950 4114 et
964 4047 1064 4129 sigilli
1088 4047 1188 4113 nostri
1204 4047 1364 4113 iussimus
1380 4064 1485 4130 appeu-

196 4157 285 4221 sione
308 4161 435 4224 muniri.
480 4161 598 4225 Datum
620 4162 721 4243 Prage
752 4162 805 4227 die
835 4161 960 4227 decima
989 4179 1073 4227 nona
1095 4159 1242 4224 Jauuarii
1267 4178 1354 4225 anno
1378 4156 1485 4227 domiui

198 4265 470 4351 u1⁰cccc⁰tix0,
495 4273 586 4355 regui
609 4273 711 4338 nostri
735 4292 818 4339 auno
841 4274 956 4356 primu.

720 4387 771 4452 Ad
793 4386 979 4452 mandatum
1002 4385 1123 4451 domini
1146 4384 1232 4466 regis
1256 4386 1390 4452 domino

616 4499 769 4582 Procopio
793 4500 833 4564 de
854 4499 1060 4578 Rabenstein‚
1092 4497 1285 4564 cancellario
1313 4498 1484 4565 reflorente
