3090 5370
204 369 246 432 dl

204 582 329 653 testata,
350 574 509 653 wlgariter
524 574 608 638 dicte
625 574 678 638 uel
695 574 780 637 dicta
802 573 950 654 selgeret,
974 589 1032 637 seu
1054 572 1206 654 pecunias
1228 571 1428 654 pupillorum
1452 590 1510 635 seu

204 690 417 769 orphanorum
440 691 495 751 aut
517 686 582 750 alia
604 705 793 770 quecunque
814 686 908 766 bona,
939 685 1173 769 qualiacunque
1196 685 1270 764 sint
1293 685 1454 751 habentes
1478 692 1512 751 et

205 801 404 881 possidentes
437 800 470 863 in
500 799 648 864 districtu
678 798 818 864 ciuitatis
848 798 990 880 predicte
1021 803 1055 864 et
1084 799 1145 864 sub
1173 798 1375 880 proteocione
1403 798 1510 881 ipsius

204 914 344 977 ciuitatis
378 912 562 992 existentes,
596 912 704 977 onmia
740 908 878 996 onera‚¹)
901 911 1071 993 facciones,
1107 912 1257 977 collectas
1280 931 1317 978 ac
1340 912 1510 977 contribu-

204 1028 311 1091 ciones
334 1043 541 1108 quascunque
564 1043 636 1090 cum
660 1025 730 1107 ipsa
745 1025 875 1090 ciuitate
896 1029 1068 1090 teneantur
1082 1030 1115 1090 et
1129 1025 1268 1089 debeant
1289 1024 1410 1103 subire,
1433 1044 1509 1106 por-

202 1144 271 1203 tare
293 1138 415 1220 pariter
437 1143 470 1202 et
490 1137 619 1203 habere.
651 1136 787 1218 Insuper
808 1139 979 1202 statuimus
1002 1141 1035 1203 et
1056 1137 1257 1203 decernimus
1280 1137 1411 1202 decreto
1434 1156 1508 1219 per-

203 1258 298 1334 petuo
321 1250 520 1333 inhybentes‚
544 1249 629 1332 qnod
652 1250 760 1315 nullus
782 1249 955 1331 hominum,
984 1250 1202 1333 cuiuscunque
1225 1254 1328 1315 status
1350 1257 1409 1315 ant
1432 1269 1508 1314 con-

203 1365 338 1428 dicionis
368 1363 473 1442 fuerit,
508 1361 592 1427 infra
621 1363 765 1445 spacium
794 1363 887 1427 vuius
917 1362 1054 1428 miliario
1083 1362 1170 1428 circa
1197 1363 1364 1427 tabernam
1394 1369 1507 1428 tenere

203 1476 318 1540 debeat
339 1481 395 1540 aut
416 1475 544 1540 habere.
588 1473 680 1552 Quod
703 1476 730 1540 si
754 1475 913 1558 quispiam
935 1476 969 1540 in
992 1475 1188 1540 contrarium
1217 1479 1411 1557 attemptare
1432 1493 1507 1557 pre·

203 1588 384 1669 sumpserit
400 1588 495 1653 liceat
512 1587 635 1653 ciuitati
649 1587 792 1669 predicte
808 1592 842 1653 et
856 1588 981 1653 ciuibus
992 1587 1207 1670 Pragensibus
1222 1588 1325 1669 ipsam
1338 1587 1505 1654 tabernam

204 1700 368 1766 destruere
398 1701 587 1765 auctoritate
616 1700 751 1781 propria·
768 1705 802 1765 et
822 1699 931 1766 delere
961 1704 995 1765 et
1024 1698 1251 1764 nichilominus
1283 1699 1369 1765 idem
1399 1700 1505 1766 taber-

204 1813 322 1892 narius,
347 1815 527 1896 quicunque
549 1812 655 1892 fuerit
678 1832 772 1877 unam
794 1830 986 1894 sexagenam
1001 1830 1185 1894 grossomm
1207 1812 1415 1877 denariorum
1429 1813 1505 1878 Pra-

203 1925 349 2006 gensium
362 1925 484 2008 prefate
501 1925 624 1989 ciuitati
639 1924 792 2006 Prageusi
807 1943 889 2006 pene
905 1925 1034 1990 nomine
1050 1923 1316 1991 irremissibiliter
1329 1925 1504 2007 persoluat

204 2039 338 2120 lusuper
360 2038 516 2103 adicimus
538 2036 720 2101 inhibentes
741 2043 896 2118 perpetuo
928 2037 1202 2119 concedentesque
1231 2036 1355 2118 prefate
1381 2038 1505 2103 ciuitati

203 2156 236 2214 et
266 2149 486 2215 communitati
514 2148 626 2230 ipsius,
660 2153 695 2212 vt
722 2147 831 2212 nullus
865 2147 1030 2213 hominum
1063 2149 1102 2213 de
1133 2153 1249 2229 cetero,
1285 2148 1504 2233 cuiuscunque

203 2267 315 2340 status,
339 2261 535 2327 condicionis
551 2265 607 2324 aut
621 2259 798 2324 eminenoie
814 2260 939 2338 existat
963 2278 1021 2341 pro
1044 2259 1135 2325 dacio
1151 2260 1221 2325 siue
1237 2261 1366 2343 vngelto
1384 2262 1503 2345 aliquo,

204 2374 289 2455 quod
311 2373 353 2438 ad
375 2391 508 2455 presens
531 2373 564 2437 in
587 2372 659 2454 ipsa
688 2371 818 2437 ciuitate
848 2391 906 2454 per
928 2390 986 2438 nos
1017 2371 1179 2439 sublatum
1208 2373 1327 2453 existit,
1358 2393 1380 2438 a
1401 2375 1504 2454 nobis,

203 2486 376 2551 heredibus
399 2491 456 2551 aut
476 2485 716 2551 successoribus
739 2491 795 2550 aut
816 2484 917 2549 eciam
940 2484 1131 2550 officialibus
1146 2485 1276 2565 nostris,
1299 2488 1504 2568 presentibus

204 2604 260 2663 aut
274 2597 401 2677 futuris,
423 2602 543 2680 petere,
567 2597 738 2678 impetrare
753 2597 807 2662 uel
822 2597 965 2678 recipere
986 2597 1112 2679 possint
1134 2603 1191 2662 aut
1212 2598 1351 2664 debeant
1373 2602 1504 2684 quouis·

204 2711 307 2790 modo,
338 2716 469 2791 excepto
492 2709 621 2790 vugelto
652 2709 806 2774 duntaxat
834 2727 892 2775 seu
915 2709 1006 2774 dacio
1028 2709 1104 2790 vini,
1137 2711 1222 2792 quod
1245 2711 1286 2776 ad
1308 2730 1391 2794 opus
1414 2711 1504 2796 paui-

204 2828 383 2889 mentorum
405 2830 438 2888 et
459 2840 516 2904 pro
539 2822 612 2888 aliis
634 2823 880 2889 necessitatibus
903 2823 987 2889 dicte
1011 2822 1135 2888 ciuitati
1166 2824 1331 2906 oportunis
1354 2826 1504 2892 duximus

204 2956 243 3001 ex
266 2939 354 3001 certa
375 2941 485 3000 nostra
506 2934 647 3000 sciencia
662 2937 909 3002 concedendum.
932 2935 966 3000 Si
990 2936 1062 3018 quis
1082 2941 1189 3003 autern
1204 2941 1395 3020 attemptare
1411 2958 1504 3005 secus

204 3047 445 3130 presumpserit,
474 3047 621 3112 volumus
652 3053 684 3114 et
713 3049 924 3128 decernimus,
957 3049 1042 3130 quod
1063 3049 1091 3114 is
1114 3050 1168 3115 uel
1191 3049 1289 3115 iidem
1311 3070 1369 3133 per
1392 3071 1503 3118 ornnes

204 3166 237 3225 et
252 3160 292 3225 ab
304 3159 451 3224 omnibus
463 3159 621 3241 periums‚
637 3159 808 3243 fidefragus
823 3167 856 3226 et
871 3162 922 3226 sui
933 3162 1054 3244 proprii
1068 3162 1200 3228 honoris
1216 3163 1282 3228 sint
1296 3169 1330 3229 et
1346 3164 1504 3247 appellari

204 3272 337 3338 ubilibet
357 3271 532 3337 violatores
554 3272 693 3338 debeant
713 3279 747 3339 et
768 3273 902 3340 infames
918 3280 952 3340 et
966 3274 1192 3340 nichilominus
1212 3294 1288 3340 cum
1304 3276 1455 3358 personis
1472 3282 1504 3342 et

203 3385 299 3450 rebus
322 3403 434 3450 eorum
455 3384 614 3450 uniuersis
636 3391 670 3451 et
692 3386 827 3468 singulis
843 3392 952 3452 nostre
968 3387 1155 3453 subiaceant
1177 3406 1235 3470 per
1249 3388 1358 3453 omnia
1372 3388 1503 3455 ulcioni.

204 3496 394 3562 Mandamus
424 3497 533 3579 itaque
561 3497 734 3580 burgrauio
757 3504 791 3564 et
811 3499 1054 3581 viceburgrauio
1081 3499 1244 3582 Pragensi‚
1275 3502 1419 3583 presenti
1450 3501 1502 3568 uel

203 3608 321 3689 futuro,
345 3614 502 3692 quatenus
522 3609 767 3691 omnitempore
790 3611 832 3675 ad
853 3610 1100 3692 requisicionem
1123 3612 1280 3678 dictorum
1303 3613 1448 3680 ciuitatis
1471 3618 1504 3680 ot

203 3723 322 3787 ciuium
334 3723 367 3787 in
382 3722 547 3804 premissis
568 3741 660 3789 suum
681 3723 729 3788 eis
741 3722 912 3789 exhibeant
923 3724 1086 3805 auxilium,
1107 3725 1323 3791 consiliumet
1338 3727 1501 3794 iuuamen.

205 3833 327 3900 Hamm
341 3835 425 3900 serie
435 3833 626 3915 litteramm
644 3836 759 3917 quibus
775 3841 920 3900 nostrum
931 3835 1073 3917 sigillum
1086 3836 1235 3902 duximus
1247 3838 1501 3919 appendendum.

204 3946 322 4012 Datum
337 3946 440 4029 Prage
456 3944 536 4012 feria
551 3947 692 4012 secunda
712 3953 786 4029 post
806 3946 923 4013 festum
939 3953 1048 4013 sancte
1065 3948 1230 4014 Trinitatis
1249 3951 1395 4032 proxima
1418 3971 1501 4018 anno

205 4056 325 4122 domini
347 4058 518 4124 millesimo
541 4060 782 4125 trecentessimo
806 4061 1049 4142 quadragesimo
1072 4061 1185 4141 primo.

308 4211 390 4266 Liber
406 4213 609 4267 vetustissimus
624 4214 827 4282 privilegiorum
845 4217 867 4268 d.
880 4221 931 4268 993
951 4221 999 4268 str.
1014 4220 1047 4267 67
1060 4231 1076 4266 v
1088 4216 1161 4269 arch.
1175 4233 1209 4271 ru.
1222 4215 1321 4286 Prahy.
1342 4220 1361 4284 ¹)
1374 4219 1502 4290 Rulropis

204 4307 249 4357 ma
267 4303 302 4358 ad
320 4307 410 4361 omnia
427 4315 455 4361 et
473 4325 563 4363 onera.
583 4339 615 4346 -
634 4309 695 4362 hist
711 4317 757 4363 ten
775 4308 892 4378 potvrdil
911 4312 982 4363 cisal
997 4310 1128 4379 Sigmund
1145 4311 1503 4382 vPraae26.srpna1436.
